
@online{noauthor_methode_nodate,
	title = {La méthode Tomatis - Alfred Tomatis - Payot},
	url = {https://www.payot.ch/Detail/la_methode_tomatis-alfred_tomatis-9782364064676},
	urldate = {2019-01-26},
	file = {La méthode Tomatis - Alfred Tomatis - Payot:/Users/valeriegaillard/Zotero/storage/NSZ6GKIY/la_methode_tomatis-alfred_tomatis-9782364064676.html:text/html}
}

@online{noauthor_peau_nodate,
	title = {La peau, métaphore d'une rencontre entre art et clinique - Martine Colignon - Payot},
	url = {https://www.payot.ch/Detail/la_peau_metaphore_dune_rencontre_entre_art_et_clinique-martine_colignon-9782749260891?cId=0},
	urldate = {2019-01-26},
	file = {La peau, métaphore d'une rencontre entre art et clinique - Martine Colignon - Payot:/Users/valeriegaillard/Zotero/storage/KIKNYK4B/la_peau_metaphore_dune_rencontre_entre_art_et_clinique-martine_colignon-9782749260891.html:text/html}
}

@online{noauthor_oreille_nodate,
	title = {L'oreille et la voix - Alfred Tomatis - Payot},
	url = {https://www.payot.ch/Detail/loreille_et_la_voix-alfred_tomatis__patrick_guillaume-9782221107140},
	urldate = {2019-01-26},
	file = {L'oreille et la voix - Alfred Tomatis - Payot:/Users/valeriegaillard/Zotero/storage/IEUFWXPX/loreille_et_la_voix-alfred_tomatis__patrick_guillaume-9782221107140.html:text/html}
}

@online{noauthor_les_nodate,
	title = {Les liens entre l'oreille et la voix - Patrick De La Roque - Payot},
	url = {https://www.payot.ch/Detail/les_liens_entre_loreille_et_la_voix-patrick_de_la_roque_-9782364062795},
	urldate = {2019-01-26},
	file = {Les liens entre l'oreille et la voix - Patrick De La Roque - Payot:/Users/valeriegaillard/Zotero/storage/FHKBCUDG/les_liens_entre_loreille_et_la_voix-patrick_de_la_roque_-9782364062795.html:text/html}
}

@online{noauthor_cerveau_nodate,
	title = {Le cerveau mélomane - Emmanuel Bigand - Payot},
	url = {https://www.payot.ch/Detail/le_cerveau_melomane-emmanuel_bigand___collectif-9782842451189},
	urldate = {2019-01-26},
	file = {Le cerveau mélomane - Emmanuel Bigand - Payot:/Users/valeriegaillard/Zotero/storage/MBX8GAZI/le_cerveau_melomane-emmanuel_bigand___collectif-9782842451189.html:text/html}
}

@online{noauthor_les_nodate-1,
	title = {Les bienfaits de la musique sur le cerveau - Emmanuel Bigand - Payot},
	url = {https://www.payot.ch/Detail/les_bienfaits_de_la_musique_sur_le_cerveau-emmanuel_bigand__charlotte_martin-9782410013795},
	urldate = {2019-01-26},
	file = {Les bienfaits de la musique sur le cerveau - Emmanuel Bigand - Payot:/Users/valeriegaillard/Zotero/storage/C5TEQ8I7/les_bienfaits_de_la_musique_sur_le_cerveau-emmanuel_bigand__charlotte_martin-9782410013795.html:text/html}
}

@book{noauthor_pourquoi_nodate,
	title = {Pourquoi aime-t-on la musique ? - Silvia Bencivelli - Payot},
	url = {https://www.payot.ch/Detail/pourquoi_aime_t_on_la_musique_-silvia_bencivelli__sophie_lem-9782701149387},
	urldate = {2019-01-26},
	file = {Pourquoi aime-t-on la musique ? - Silvia Bencivelli - Payot:/Users/valeriegaillard/Zotero/storage/JTBZQZXJ/pourquoi_aime_t_on_la_musique_-silvia_bencivelli__sophie_lem-9782701149387.html:text/html}
}

@mvbook{sacks_musicophilia_2009,
	location = {Paris},
	title = {Musicophilia :  la musique, le cerveau et nous},
	isbn = {978-2-286-05280-5},
	shorttitle = {Musicophilia},
	volumes = {1},
	pagetotal = {472},
	publisher = {Grand livre du mois},
	author = {Sacks, Oliver},
	translator = {Cler, Christian},
	date = {2009},
	note = {couv. ill. en coul. 25 cm. Bibliogr. p. 431-453. Index.},
	keywords = {Musique}
}

@book{sacks_homme_1992,
	location = {Paris},
	title = {L'homme qui prenait sa femme pour un chapeau :  et autres récits cliniques},
	isbn = {978-2-02-014630-2},
	series = {Points},
	shorttitle = {L'homme qui prenait sa femme pour un chapeau},
	pagetotal = {312},
	number = {245},
	publisher = {Éd. du Seuil},
	author = {Sacks, Oliver},
	translator = {La Héronnière, Édith de},
	date = {1992},
	note = {ill., couv. ill. en coul. 18 cm. Bibliogr. p. 301-312.},
	keywords = {Neuropsychiatrie, Personnes atteintes de lésions cérébrales}
}

@mvbook{lecourt_musicotherapie_2014,
	location = {Paris},
	edition = {4e tirage, 2014},
	title = {La musicothérapie},
	isbn = {978-2-212-55929-3},
	series = {Eyrolles pratique},
	volumes = {1},
	pagetotal = {194},
	publisher = {Eyrolles},
	author = {Lecourt, Édith},
	date = {2014},
	note = {ill., couv. ill. en coul. 21 cm. Bibliogr. p. 189-191. Webliogr. p. 191-192. Notes bibliogr. Index.},
	keywords = {Musicothérapie}
}

@mvbook{vrait_musicotherapie_nodate,
	title = {La musicothérapie},
	isbn = {978-2-13-079993-1},
	series = {Que sais-je ?},
	abstract = {Depuis l'Antiquité, on reconnaît à la musique des vertus thérapeutiques. Dans la pensée chinoise comme dans le monde arabe médiéval, les traitements musicaux sont décrits comme une évidence. En quelque lieu et à quelque époque que ce soit, les connaissances scientifiques, la pensée philosophique ou les représentations anthropologiques permettent de tisser des liens entre musique et médecine. C'est aujourd'hui l'objet de la musicothérapie, discipline à part entière quoique récente, et du musicothérapeute, professionnel du secteur de la santé.De la clinique aux neurosciences, de la musicothérapie active ou réceptive à la musicothérapie individuelle ou de groupe, partez avec François-Xavier Vrait à la découverte des modèles et des références, mais aussi des champs d'application et des pratiques, qui prouvent que la musique adoucit les maux…},
	volumes = {1},
	pagetotal = {124},
	number = {n° 4111},
	author = {Vrait, François-Xavier},
	note = {18 cm. Bibliogr., 3 p.},
	keywords = {Musicothérapie}
}

@mvbook{beuzen_musique_2015,
	location = {Paris},
	title = {La musique, entre génie créateur et vertu thérapeutique},
	isbn = {978-2-7381-3127-0},
	volumes = {1},
	pagetotal = {286},
	publisher = {Odile Jacob},
	author = {Beuzen, Jean-Noël},
	date = {2015},
	note = {ill. 24 cm. Bibliogr. p. 273-280.},
	keywords = {Musique, Musicothérapie, Art et maladies mentales}
}

@mvbook{van_eersel_votre_2012,
	location = {Paris},
	title = {Votre cerveau n'a pas fini de vous étonner :  entretiens avec Patrice Van Eersel},
	isbn = {978-2-226-24074-3},
	series = {Entretiens-clés},
	shorttitle = {Votre cerveau n'a pas fini de vous étonner},
	volumes = {1},
	pagetotal = {227},
	publisher = {A. Michel},
	author = {Van Eersel, Patrice},
	date = {2012},
	note = {couv. ill. en coul. 23 cm. Bibliogr. 223-226.},
	keywords = {Cerveau, Esprit et cerveau, Neuropsychologie}
}

@mvbook{lecourt_les_2017,
	location = {Malakoff},
	title = {Les art-thérapies},
	isbn = {978-2-200-61736-3},
	series = {Collection U},
	abstract = {Les art-thérapies, c'est-à-dire l'utilisation de la danse, la musique, les arts plastiques ou encore le théâtre, sous leurs différentes formes, dans un objectif d'aide à surmonter les difficultés de la vie, connaissent actuellement un développement important en France. C'est pourquoi une synthèse de ces pratiques d'art-thérapies s'impose.Cet ouvrage regroupe les savoirs et expériences cliniques de plus d'une vingtaine d'art-thérapeutes appartenant à ces spécialités que sont la musicothérapie, la danse-thérapie, la dramathérapie et les arts plastiques thérapie. Pour chacune de ces spécialités sont présentés les historiques, les principales méthodes, les applications et les références théoriques accompagnées de nombreuses illustrations cliniques. Les recherches dans ce domaine, les formations des art-thérapeutes et les questions d'éthique de la profession sont également développées.Cet ouvrage s'adresse à tous ceux qui s'interrogent sur ces pratiques d'art-thérapies et certaines formes de commercialisation (cahiers de dessin, {CD}, etc.), mais aussi à ceux qui sont en formation dans l'une ou l'autre de ces spécialités. Il sera aussi particulièrement utile aux artistes et aux soignants intéressés par cette orientation professionnelle. Pour les institutions d'éducation spécialisée, d'aide et de soins, l'ouvrage permettra de préciser les contours de ces nouvelles professions},
	volumes = {1},
	pagetotal = {287},
	publisher = {Armand Colin},
	editora = {Lecourt, Édith and Lubart, Todd I.},
	editoratype = {collaborator},
	date = {2017},
	note = {ill. 24 cm. Bibliogr. p. 263-278. Index.},
	keywords = {Art-thérapie}
}

@book{franz_psychologie_1986,
	location = {Paris},
	title = {La Psychologie de la divination :  le hasard signifiant},
	isbn = {978-2-905525-01-7},
	shorttitle = {La Psychologie de la divination},
	pagetotal = {152},
	publisher = {Poiesis diff. Payot},
	author = {Franz, Marie-Louise von},
	translator = {Capek, Suzanne},
	date = {1986},
	note = {ill.,couv.ill. 23 cm. Réunit des conférences prononcées à l' Institut C. G. Jung à Zürich en 1969.},
	keywords = {Divination, Synchronicité}
}

@mvbook{fedrizzi_lorsque_nodate,
	title = {Lorsque les mots viennent à manquer :  mon expérience avec le tango, l'aphasie et la tangothérapie pour aphasiques},
	isbn = {978-2-35644-274-1},
	shorttitle = {Lorsque les mots viennent à manquer},
	volumes = {1},
	pagetotal = {150},
	author = {Fedrizzi, Francesca},
	translator = {Alibert, Aude},
	note = {21 cm. Bibliogr. p. 149-150.},
	keywords = {Aphasie, Danse-thérapie}
}

@mvbook{lemoine_histoire_nodate,
	title = {Histoire de la folie avant la psychiatrie},
	isbn = {978-2-7381-4513-0},
	volumes = {1},
	pagetotal = {248},
	editora = {Lemoine, Patrick and Cyrulnik, Boris},
	editoratype = {collaborator},
	note = {ill. 22 cm.},
	keywords = {Malades mentaux, Psychiatrie clinique}
}

@mvbook{cohen_comment_nodate,
	title = {Comment lire avec les oreilles :  et 40 autres histoires sur le cerveau de l'homme},
	isbn = {978-2-7381-3614-5},
	shorttitle = {Comment lire avec les oreilles},
	volumes = {1},
	pagetotal = {331},
	author = {Cohen, Laurent},
	note = {ill. en coul. 22 cm.},
	keywords = {Cerveau, Neurosciences}
}

@book{barthelemy_voix_2003,
	location = {Paris},
	edition = {[Nouv. éd. entièrement rev., augm. et remaniée},
	title = {La voix libérée :  [une nouvelle technique pour l'art lyrique et la rééducation vocale]},
	isbn = {978-2-221-09861-5},
	series = {Réponses},
	shorttitle = {La voix libérée},
	pagetotal = {347},
	publisher = {R. Laffont},
	author = {Barthélémy, Yva and Bougault, Josée},
	date = {2003},
	note = {ill., mus., couv. ill. en coul. 22 cm. Bibliogr. p. 345-346.},
	keywords = {Chant, Culture vocale, Dysphonie}
}

@book{wilfart_chant_1994,
	location = {Paris},
	title = {Le chant de l'être :  analyser, construire, harmoniser par la voix},
	isbn = {978-2-226-06954-2},
	series = {L'être et le corps},
	shorttitle = {Le chant de l'être},
	pagetotal = {197},
	publisher = {A. Michel},
	author = {Wilfart, Serge},
	date = {1994},
	note = {ill., couv. ill. 23 cm. Bibliogr., 1 p.},
	keywords = {Culture vocale, Voix}
}

@mvbook{chertok_naissance_1973,
	location = {Paris},
	title = {Naissance du psychanalyste :  de Mesmer à Freud},
	series = {Collection Science de l'homme},
	shorttitle = {Naissance du psychanalyste},
	volumes = {1},
	publisher = {Payot},
	author = {Chertok, Léon and Saussure, Raymond de},
	date = {1973},
	note = {ill. 23 cm. Bibliogr. p. 241 à 258. Index.   Br.: 48,40 F.}
}

@mvbook{le_bihan_cerveau_2012,
	location = {Paris},
	title = {Le cerveau de cristal :  ce que nous revèle la neuro-imagerie},
	isbn = {978-2-7381-2527-9},
	shorttitle = {Le cerveau de cristal},
	volumes = {1},
	pagetotal = {220},
	publisher = {O. Jacob},
	author = {Le Bihan, Denis},
	date = {2012},
	note = {ill. en noir et en coul., couv. ill. en coul. 22 cm. Bibliogr. p. 209-215.},
	keywords = {Cerveau}
}

@book{ridel_pouvoir_1987,
	location = {Paris},
	title = {Le Pouvoir de la voix},
	publisher = {{BAMI}},
	author = {Ridel, Alice},
	date = {1987},
	note = {Ill., couv. ill. 24 cm.},
	keywords = {Culture vocale}
}

@mvbook{dumas_de_la_roque_lecoute_2007,
	location = {Genève-Bernex Saint-Julien-en-Genevois},
	title = {L'écoute, c'est la vie :  introduction à la méthode Tomatis},
	isbn = {978-2-88353-567-1},
	series = {Trois fontaines},
	shorttitle = {L'écoute, c'est la vie},
	volumes = {1},
	pagetotal = {158},
	publisher = {Jouvence éd},
	author = {Dumas de La Roque, Patrick},
	date = {2007},
	note = {ill., couv. ill. 22 cm. Bibliogr. des oeuvres de A. Tomasis p. 149-150. Webliogr. p. 153-158. Musicogr. p. 151-152.},
	keywords = {Audiophonologie, Écoute (psychologie), Ouïe}
}

@mvbook{forestier_tout_2011,
	location = {Lausanne Paris},
	title = {Tout savoir sur la musicothérapie :  l'art thérapie à dominante musicale},
	isbn = {978-2-8289-1230-7},
	shorttitle = {Tout savoir sur la musicothérapie},
	volumes = {1},
	pagetotal = {349},
	publisher = {Favre},
	author = {Forestier, Richard},
	date = {2011},
	note = {ill., couv. ill. en coul. 24 cm. La couv. porte en plus : "concepts, méthodes et cliniques, exercices, jeux, situations pratiques, témoignages et résultats. Bibliogr. p. 332-335.},
	keywords = {Musicothérapie, Art-thérapie}
}

@mvbook{haugmard_abc_2010,
	location = {Paris},
	title = {{ABC} de la thérapie par les sons},
	isbn = {978-2-7339-1105-1},
	series = {{ABC}},
	volumes = {1},
	pagetotal = {183},
	publisher = {Grancher},
	author = {Haugmard, Isabelle},
	date = {2010},
	note = {ill., couv. ill. 22 cm. Bibliogr., 2 p.},
	keywords = {Musicothérapie, Son}
}

@mvbook{frith_comment_2010,
	location = {Paris},
	title = {Comment le cerveau crée notre univers mental},
	isbn = {978-2-7381-2452-4},
	volumes = {1},
	pagetotal = {306},
	publisher = {O. Jacob},
	author = {Frith, Christopher D.},
	translator = {Pessiglione, Mathias},
	date = {2010},
	note = {ill. en noir et en coul., couv. ill. en coul. 22 cm. Index.},
	keywords = {Cerveau, Esprit et cerveau}
}

@mvbook{hamel_decouvrir_2010,
	location = {Paris},
	title = {Découvrir l'art-thérapie :  des mots sur les maux, des couleurs sur les douleurs},
	isbn = {978-2-03-584287-9},
	shorttitle = {Découvrir l'art-thérapie},
	volumes = {1},
	pagetotal = {268},
	publisher = {Larousse},
	author = {Hamel, Johanne and Labrèche, Jocelyne},
	date = {2010},
	note = {couv. ill. en coul. 22 cm. Bibliogr. p. 259-265. Webliogr. p. 265-266. Glossaire.},
	keywords = {Art-thérapie}
}

@book{rondeleux_trouver_2004,
	location = {Paris},
	title = {Trouver sa voix},
	isbn = {978-2-02-063981-1},
	series = {Seuil pratique},
	pagetotal = {187},
	publisher = {Éd. du Seuil},
	author = {Rondeleux, Louis-Jacques},
	date = {2004},
	note = {ill., mus., couv. ill. 22 cm. La couv. porte en plus : "contrôler sa respiration, enrichir son timbre, élargir son registre vocal. Bibliogr., 1 p.},
	keywords = {Chant, Culture vocale}
}

@book{hegi_improvisation_1993,
	location = {Paderborn},
	edition = {4. Aufl.},
	title = {Improvisation und Musiktherapie: Möglichkeiten und Wirkungen von freier Musik},
	volume = {Band 4, Ed. 4},
	isbn = {978-3-87387-270-7},
	series = {Reihe Kunst, Therapie, Kreativität},
	shorttitle = {Improvisation und Musiktherapie},
	pagetotal = {318},
	publisher = {Junfermann},
	author = {Hegi, Fritz},
	date = {1993},
	keywords = {Musik Psychotherapie, Musiktherapie, Psychorhythmie}
}

@book{willms_musiktherapie_1975,
	location = {Stuttgart},
	title = {Musiktherapie bei psychotischen Erkrankungen},
	volume = {1},
	isbn = {978-3-437-00166-6},
	series = {Musiktherapie},
	abstract = {Literaturverz. S. 96 - 99},
	pagetotal = {102},
	publisher = {Fischer},
	author = {Willms, Harm and Alvin, Juliette},
	date = {1975},
	keywords = {Musik Psychotherapie, Musiktherapie, Psychorhythmie, Geisteskrankheit, Irrsinn, Music therapy, Musik Musiktherapie, Pathopsychologie, Psychopathologie, Psychose}
}

@book{decker-voigt_musik_1987,
	location = {Lilienthal},
	title = {Musik und Kommunikation: Hamburger Jahrbuch zur Musiktherapie und intermodalen Medientherapie},
	shorttitle = {Musik und Kommunikation},
	publisher = {Eres},
	author = {Decker-Voigt, Hans-Helmut and {Johannes Th. Eschen}},
	date = {1987},
	keywords = {Musik Psychotherapie, Musiktherapie, Psychorhythmie}
}

@book{decker-voigt_schulen_2001,
	location = {München},
	title = {Schulen der Musiktherapie},
	isbn = {978-3-497-01574-0},
	abstract = {Literaturangaben},
	pagetotal = {430},
	publisher = {Reinhardt},
	author = {Decker-Voigt, Hans-Helmut and Bach, Sabine},
	date = {2001},
	keywords = {Musik Psychotherapie, Musiktherapie, Psychorhythmie, Music therapy, Musik Musiktherapie, Aufsatzsammlung [Formschlagwort], Beiträge [Formschlagwort], Einzelbeiträge [Formschlagwort], Essays [Formschlagwort], Festschrift [Formschlagwort], Kongress [Formschlagwort], Reader [Formschlagwort], Richtungen, Sammelwerk [Formschlagwort]}
}

@book{lutz_hochreutener_spiel_2009,
	location = {Göttingen},
	title = {Spiel - Musik - Therapie: Methoden der Musiktherapie mit Kindern und Jugendlichen},
	volume = {Band 1},
	isbn = {978-3-8017-2198-5},
	series = {Praxis der Musiktherapie},
	shorttitle = {Spiel - Musik - Therapie},
	abstract = {Literaturverz. S. 293 - 310},
	pagetotal = {315},
	publisher = {Hogrefe},
	author = {Lutz Hochreutener, Sandra},
	date = {2009},
	keywords = {Musik Psychotherapie, Musiktherapie, Psychorhythmie, Music therapy, Child, Childhood, Children, Jeunesse, Jugend, Jugend 12-20 Jahre, Jugendalter, Jugendliche, Jugendlicher, Jugendpsychotherapie, Jugendtherapie, Kind, Kind Psychotherapie, Kinder, Kinderpsychotherapie, Kindertherapie, Kindesalter, Kindheit, Kindschaft, Method, Methode, Methodik, Technik (Methode), Teenager, Verfahren (Methode), Youth}
}

@book{kaufmann_gespurt_2014,
	location = {Wiesbaden},
	title = {Gespürt - gehört - gebor(g)en: Musiktherapie mit risikoschwangeren Frauen, Säuglingen und Kleinkindern},
	volume = {3},
	isbn = {978-3-95490-063-3},
	series = {Zeitpunkt Musik},
	shorttitle = {Gespürt - gehört - gebor(g)en},
	pagetotal = {297},
	publisher = {Reichert},
	author = {Kaufmann, Judith},
	date = {2014},
	keywords = {Musik Psychotherapie, Musiktherapie, Psychorhythmie, Abstinenzsyndrom, Babies, Baby, Entzugssyndrom, Frühchen, Frühgeborenes, Kind 0-1 Jahr, Psychische Traumatisierung, Psychisches Trauma, Psychotrauma, Risikoschwangerschaft, Säugling, Säuglinge, Trauma Psychologie}
}

@book{sigrist_burnout_2016,
	location = {Wiesbaden},
	title = {Burnout und Musiktherapie: Grundlagen, Forschungsstand und Praxeologie},
	isbn = {978-3-95490-199-9},
	series = {Zürcher Schriften zur Musiktherapie},
	shorttitle = {Burnout und Musiktherapie},
	publisher = {Reichert Verlag},
	author = {Sigrist, Felicitas},
	date = {2016},
	keywords = {Musik Psychotherapie, Musiktherapie, Psychorhythmie, (Produktform)Paperback / softback, Ausbrennen, Ausgebranntsein, Bewältigung, Bewältigungsstrategie, Bewältigungsverhalten, Burn-out-Syndrom, Burned-out-Syndrom, Burnout, Burnout syndrome, Burnout-Syndrom, Coping, Erschöpfungssyndrom, Forschungsmethoden, Nervöse Erschöpfung, Problembewältigung, Psychische Bewältigung, Stress Bewältigung, Stressbewältigung}
}

@book{tomatis_klang_1987,
	location = {Reinbek bei Hamburg},
	title = {Der Klang des Lebens: vorgeburtliche Kommunikation, die Anfänge der seelischen Entwicklung},
	isbn = {978-3-499-18791-9},
	series = {rororo transformation},
	shorttitle = {Der Klang des Lebens},
	pagetotal = {304},
	publisher = {Rowohlt},
	author = {Tomatis, Alfred},
	date = {1987},
	keywords = {Diagnostik, pränatale, Entwicklungspsychologie, Geburt, Hören, Kommunikation, Pränatale Entwicklung, Psychologie, Wahrnehmung}
}

@book{delbaz_recherche_2016,
	title = {A la recherche de l'Univers invisible Matière noire, énergie noire, trous noirs},
	series = {Science},
	publisher = {Odile Jacob},
	author = {Delbaz, David},
	date = {2016-10}
}