
@online{noauthor_methode_nodate,
	title = {La méthode Tomatis - Alfred Tomatis - Payot},
	url = {https://www.payot.ch/Detail/la_methode_tomatis-alfred_tomatis-9782364064676},
	urldate = {2019-01-26},
	file = {La méthode Tomatis - Alfred Tomatis - Payot:/Users/valeriegaillard/Zotero/storage/NSZ6GKIY/la_methode_tomatis-alfred_tomatis-9782364064676.html:text/html}
}

@online{noauthor_peau_nodate,
	title = {La peau, métaphore d'une rencontre entre art et clinique - Martine Colignon - Payot},
	url = {https://www.payot.ch/Detail/la_peau_metaphore_dune_rencontre_entre_art_et_clinique-martine_colignon-9782749260891?cId=0},
	urldate = {2019-01-26},
	file = {La peau, métaphore d'une rencontre entre art et clinique - Martine Colignon - Payot:/Users/valeriegaillard/Zotero/storage/KIKNYK4B/la_peau_metaphore_dune_rencontre_entre_art_et_clinique-martine_colignon-9782749260891.html:text/html}
}

@online{noauthor_chant_nodate,
	title = {Le chant de l'être - Serge Wilfart - Payot},
	url = {https://www.payot.ch/Detail/le_chant_de_letre-serge_wilfart-9782226320490?cId=0},
	urldate = {2019-01-26},
	file = {Le chant de l'être - Serge Wilfart - Payot:/Users/valeriegaillard/Zotero/storage/7Y2NKYK5/le_chant_de_letre-serge_wilfart-9782226320490.html:text/html}
}

@online{noauthor_voix_nodate,
	title = {La voix libérée - Yva Barthélémy - Payot},
	url = {https://www.payot.ch/Detail/la_voix_liberee-yva_barthelemy_-9782221122877},
	urldate = {2019-01-26},
	file = {La voix libérée - Yva Barthélémy - Payot:/Users/valeriegaillard/Zotero/storage/L24NH23A/la_voix_liberee-yva_barthelemy_-9782221122877.html:text/html}
}

@online{noauthor_comment_nodate,
	title = {Comment lire avec les oreilles ? - Laurent Cohen - Payot},
	url = {https://www.payot.ch/Detail/comment_lire_avec_les_oreilles_-laurent_cohen_-9782738136145},
	urldate = {2019-01-26},
	file = {Comment lire avec les oreilles ? - Laurent Cohen - Payot:/Users/valeriegaillard/Zotero/storage/2NRFTTSQ/comment_lire_avec_les_oreilles_-laurent_cohen_-9782738136145.html:text/html}
}

@online{noauthor_histoire_nodate,
	title = {Histoire de la folie avant la psychiatrie - Patrick Lemoine - Payot},
	url = {https://www.payot.ch/Detail/histoire_de_la_folie_avant_la_psychiatrie-patrick_lemoine-9782738145130?cId=0},
	urldate = {2019-01-26},
	file = {Histoire de la folie avant la psychiatrie - Patrick Lemoine - Payot:/Users/valeriegaillard/Zotero/storage/SQCXT8G9/histoire_de_la_folie_avant_la_psychiatrie-patrick_lemoine-9782738145130.html:text/html}
}

@online{noauthor_lorsque_nodate,
	title = {Lorsque les mots viennent à manquer - Francesca Fedrizzi - Payot},
	url = {https://www.payot.ch/Detail/lorsque_les_mots_viennent_a_manquer-francesca_fedrizzi__philippe_pozzo_di_borgo-9782356442741},
	urldate = {2019-01-26},
	file = {Lorsque les mots viennent à manquer - Francesca Fedrizzi - Payot:/Users/valeriegaillard/Zotero/storage/QAC944IZ/lorsque_les_mots_viennent_a_manquer-francesca_fedrizzi__philippe_pozzo_di_borgo-9782356442741.html:text/html}
}

@online{noauthor_homme_nodate,
	title = {L'homme qui prenait sa femme pour un chapeau - Oliver Sacks - Payot},
	url = {https://www.payot.ch/Detail/lhomme_qui_prenait_sa_femme_pour_un_chapeau-oliver_sacks__edith_de_la_heronniere-9782757840214},
	urldate = {2019-01-26},
	file = {L'homme qui prenait sa femme pour un chapeau - Oliver Sacks - Payot:/Users/valeriegaillard/Zotero/storage/NT9TSRML/lhomme_qui_prenait_sa_femme_pour_un_chapeau-oliver_sacks__edith_de_la_heronniere-9782757840214.html:text/html}
}

@online{noauthor_oreille_nodate,
	title = {L'oreille et la voix - Alfred Tomatis - Payot},
	url = {https://www.payot.ch/Detail/loreille_et_la_voix-alfred_tomatis__patrick_guillaume-9782221107140},
	urldate = {2019-01-26},
	file = {L'oreille et la voix - Alfred Tomatis - Payot:/Users/valeriegaillard/Zotero/storage/IEUFWXPX/loreille_et_la_voix-alfred_tomatis__patrick_guillaume-9782221107140.html:text/html}
}

@online{noauthor_les_nodate,
	title = {Les liens entre l'oreille et la voix - Patrick De La Roque - Payot},
	url = {https://www.payot.ch/Detail/les_liens_entre_loreille_et_la_voix-patrick_de_la_roque_-9782364062795},
	urldate = {2019-01-26},
	file = {Les liens entre l'oreille et la voix - Patrick De La Roque - Payot:/Users/valeriegaillard/Zotero/storage/FHKBCUDG/les_liens_entre_loreille_et_la_voix-patrick_de_la_roque_-9782364062795.html:text/html}
}

@online{noauthor_cerveau_nodate,
	title = {Le cerveau mélomane - Emmanuel Bigand - Payot},
	url = {https://www.payot.ch/Detail/le_cerveau_melomane-emmanuel_bigand___collectif-9782842451189},
	urldate = {2019-01-26},
	file = {Le cerveau mélomane - Emmanuel Bigand - Payot:/Users/valeriegaillard/Zotero/storage/MBX8GAZI/le_cerveau_melomane-emmanuel_bigand___collectif-9782842451189.html:text/html}
}

@online{noauthor_les_nodate-1,
	title = {Les art-thérapies - Edith Lecourt - Payot},
	url = {https://www.payot.ch/Detail/les_art_therapies-edith_lecourt__todd_lubart-9782200617363},
	urldate = {2019-01-26},
	file = {Les art-thérapies - Edith Lecourt - Payot:/Users/valeriegaillard/Zotero/storage/WRI9HC24/les_art_therapies-edith_lecourt__todd_lubart-9782200617363.html:text/html}
}

@online{noauthor_les_nodate-2,
	title = {Les bienfaits de la musique sur le cerveau - Emmanuel Bigand - Payot},
	url = {https://www.payot.ch/Detail/les_bienfaits_de_la_musique_sur_le_cerveau-emmanuel_bigand__charlotte_martin-9782410013795},
	urldate = {2019-01-26},
	file = {Les bienfaits de la musique sur le cerveau - Emmanuel Bigand - Payot:/Users/valeriegaillard/Zotero/storage/C5TEQ8I7/les_bienfaits_de_la_musique_sur_le_cerveau-emmanuel_bigand__charlotte_martin-9782410013795.html:text/html}
}

@online{noauthor_psychologie_nodate,
	title = {La psychologie de la divination - Marie-Louise von Franz - Payot},
	url = {https://www.payot.ch/Detail/la_psychologie_de_la_divination-marie_louise_von_franz_-9782226076182},
	urldate = {2019-01-26},
	file = {La psychologie de la divination - Marie-Louise von Franz - Payot:/Users/valeriegaillard/Zotero/storage/GG5QCMPS/la_psychologie_de_la_divination-marie_louise_von_franz_-9782226076182.html:text/html}
}

@online{noauthor_tout_nodate,
	title = {Tout savoir sur la musicothérapîe - Richard Forestier - Payot},
	url = {https://www.payot.ch/Detail/tout_savoir_sur_la_musicotherap%C3%AEe-richard_forestier_-9782828912307},
	urldate = {2019-01-26},
	file = {Tout savoir sur la musicothérapîe - Richard Forestier - Payot:/Users/valeriegaillard/Zotero/storage/G9KBQPCT/tout_savoir_sur_la_musicotherapîe-richard_forestier_-9782828912307.html:text/html}
}

@online{noauthor_musicotherapie_nodate,
	title = {La musicothérapie - François-Xavier Vrait - Payot},
	url = {https://www.payot.ch/Detail/la_musicotherapie-fran%C3%A7ois_xavier_vrait_-9782130799931},
	urldate = {2019-01-26},
	file = {La musicothérapie - François-Xavier Vrait - Payot:/Users/valeriegaillard/Zotero/storage/8ZK74XID/la_musicotherapie-françois_xavier_vrait_-9782130799931.html:text/html}
}

@online{noauthor_votre_nodate,
	title = {Votre cerveau n'a pas fini de vous étonner - Boris Cyrulnik - Payot},
	url = {https://www.payot.ch/Detail/votre_cerveau_na_pas_fini_de_vous_etonner-boris_cyrulnik__pierre_bustany-9782253000679},
	urldate = {2019-01-26},
	file = {Votre cerveau n'a pas fini de vous étonner - Boris Cyrulnik - Payot:/Users/valeriegaillard/Zotero/storage/U69C9LQ2/votre_cerveau_na_pas_fini_de_vous_etonner-boris_cyrulnik__pierre_bustany-9782253000679.html:text/html}
}

@online{noauthor_musique_nodate,
	title = {La musique, entre génie créateur et vertu thérapeutique - Jean-Noël Beuzen - Payot},
	url = {https://www.payot.ch/Detail/la_musique_entre_genie_createur_et_vertu_therapeutique-jean_noel_beuzen_-9782738131270},
	urldate = {2019-01-26},
	file = {La musique, entre génie créateur et vertu thérapeutique - Jean-Noël Beuzen - Payot:/Users/valeriegaillard/Zotero/storage/HS4MJ4M9/la_musique_entre_genie_createur_et_vertu_therapeutique-jean_noel_beuzen_-9782738131270.html:text/html}
}

@online{noauthor_musicotherapie_nodate-1,
	title = {La musicothérapie - Edith Lecourt - Payot},
	url = {https://www.payot.ch/Detail/la_musicotherapie-edith_lecourt_-9782212559293},
	urldate = {2019-01-26},
	file = {La musicothérapie - Edith Lecourt - Payot:/Users/valeriegaillard/Zotero/storage/3MG8WF87/la_musicotherapie-edith_lecourt_-9782212559293.html:text/html}
}

@online{noauthor_pourquoi_nodate,
	title = {Pourquoi aime-t-on la musique ? - Silvia Bencivelli - Payot},
	url = {https://www.payot.ch/Detail/pourquoi_aime_t_on_la_musique_-silvia_bencivelli__sophie_lem-9782701149387},
	urldate = {2019-01-26},
	file = {Pourquoi aime-t-on la musique ? - Silvia Bencivelli - Payot:/Users/valeriegaillard/Zotero/storage/JTBZQZXJ/pourquoi_aime_t_on_la_musique_-silvia_bencivelli__sophie_lem-9782701149387.html:text/html}
}

@online{noauthor_cerveau_nodate-1,
	title = {Le cerveau de cristal - Denis Le Bihan - Payot},
	url = {https://www.payot.ch/Detail/le_cerveau_de_cristal-denis_le_bihan_-9782738125279},
	urldate = {2019-01-26},
	file = {Le cerveau de cristal - Denis Le Bihan - Payot:/Users/valeriegaillard/Zotero/storage/DREX49EG/le_cerveau_de_cristal-denis_le_bihan_-9782738125279.html:text/html}
}

@online{noauthor_musicophilia_nodate,
	title = {Musicophilia - Oliver Sacks - Payot},
	url = {https://www.payot.ch/Detail/musicophilia-oliver_sacks__christian_cler-9782757841907},
	urldate = {2019-01-26},
	file = {Musicophilia - Oliver Sacks - Payot:/Users/valeriegaillard/Zotero/storage/KW43XYGH/musicophilia-oliver_sacks__christian_cler-9782757841907.html:text/html}
}