
@article{platel_neuropsychology_2002,
	title = {Neuropsychology of musical perception: new perspectives},
	volume = {125},
	issn = {1460-2156, 0006-8950},
	url = {https://academic.oup.com/brain/article-lookup/doi/10.1093/brain/awf078},
	doi = {10.1093/brain/awf078},
	shorttitle = {Neuropsychology of musical perception},
	pages = {223--224},
	number = {2},
	journaltitle = {Brain},
	author = {Platel, Herv√©},
	urldate = {2018-07-04},
	date = {2002-02-01},
	langid = {english}
}