@comment{This file has been generated by Pybliographer}

@Book{:cerveau,
  Title          = {Le cerveau m{\'e}lomane},
  Publisher      = {Pour la science},
  Series         = {Cerveau \& psycho},
  Address        = {Paris},
  Note           = {ill. en noir et en coul., couv. ill. en coul. 23 cm.
                   Bibliogr., 3 p.},
  collaborator   = {Bigand, Emmanuel},
  isbn           = {978-2-84245-118-9},
  keywords       = {Musicoth{\'e}rapie, Musique},
  language       = {fre},
  year           = 2013
}

@Book{:dire,
  Title          = {Dire la voix : approche transversale des
                   ph{\'e}nom{\`e}nes vocaux},
  Publisher      = {l'Harmattan},
  Series         = {Collection {Univers} musical},
  Address        = {Paris Montr{\'e}al (Qu{\'e}bec)},
  Note           = {ill., couv. ill. 22 cm. Bibliogr. p. 321-324. Discogr.
                   p. 325-326.},
  collaborator   = {Deniot, Jo{\"e}lle-Andr{\'e}e and Dutheil Pessin,
                   Catherine and Vrait, Fran{\c c}ois-Xavier},
  isbn           = {978-2-7384-9032-2},
  keywords       = {Chant, Musique vocale, Voix},
  language       = {fre},
  shorttitle     = {Dire la voix},
  year           = 2000
}

@Misc{:gim,
  Title          = {{GIM} {Trainings}},
  file           = {GIM Trainings:files/34/index.html:text/html},
  url            = {http://www.gim-trainings.com/index.html},
  urldate        = {2018-06-14}
}

@Book{:meditation,
  Title          = {M{\'e}ditation et psychoth{\'e}rapie},
  Publisher      = {A. Michel},
  Number         = {165},
  Series         = {Espaces libres},
  Address        = {Paris},
  collaborator   = {Mantel, Jean-Marc},
  isbn           = {978-2-226-14924-4},
  language       = {fre},
  year           = 2006
}

@Book{ameisen:sur,
  Author         = {Jean-Claude Ameisen},
  Editor         = {Les liens qui lib{\`e}rent},
  Title          = {Sur les {\'e}paules de Darwin},
  maintitle      = {Sur les {\'e}paules de Darwin},
  subtitle       = {Les battements du temps},
  timestamp      = {22-04-2017},
  year           = 2013
}

@Book{anzieu.chabert:methodes,
  Author         = {Anzieu, Didier and Chabert, Catherine},
  Title          = {Les m{\'e}thodes projectives},
  Publisher      = {Presses universitaires de France},
  Series         = {Quadrige},
  Address        = {Paris},
  isbn           = {978-2-13-053536-2},
  keywords       = {Projection (psychologie), Techniques projectives},
  language       = {fre},
  year           = 2004
}

@Book{anzieu_les_2004,
  Author         = {Anzieu, Didier and Chabert, Catherine},
  Title          = {Les méthodes projectives},
  Publisher      = {Presses universitaires de France},
  Series         = {Quadrige},
  Note           = {20 cm. Bibliogr. p. 339-340. Index.},
  isbn           = {978-2-13-053536-2},
  keywords       = {Projection (psychologie), Techniques projectives},
  location       = {Paris},
  pagetotal      = {340},
  year           = 2004
}

@Book{auriol:cle,
  Author         = {Bernard Auriol},
  Title          = {La cl\'e des sons, \'el\'ements de psychosonique},
  Address        = {Toulouse},
  Edition        = {Er{\`e}s},
  timestamp      = {22-04-2017},
  year           = 1996
}

@Book{auriol:son,
  Author         = {Bernard Auriol},
  Editor         = {Edition Non du Verbal},
  Title          = {Le son au subjectif pr{\'e}sent},
  Edition        = {Non Verbal},
  isbn           = {978-2906274198},
  year           = 1996
}

@Book{auriol_clef_1994,
  Author         = {Auriol, Bernard},
  Title          = {La clef des sons : éléments de psychosonique},
  Publisher      = {B. Auriol},
  Edition        = {[2e éd},
  Note           = {ill., couv. ill. en coul. 24 cm. Bibliogr. p. 245-272.
                   Index.},
  editora        = {Risset, Jean-Claude},
  editoratype    = {collaborator},
  isbn           = {978-2-9508768-0-5},
  keywords       = {Musicothérapie, Son},
  location       = {Toulouse},
  pagetotal      = {287},
  shorttitle     = {La clef des sons},
  year           = 1994
}

@Book{barenboim:musique,
  Author         = {Daniel Barenboim},
  Title          = {La musique {\'e}veille le temps},
  Publisher      = {Fayard},
  timestamp      = {22-04-2017},
  year           = 2008
}

@conference{bella:rythmes,
  author         = {Simone Dalla Bella},
  booktitle      = {Movement to Health Laboratory},
  eventtitle     = {XII{\`e}me Rencontre Cerveau-Esprit},
  location       = {Sion},
  organization   = {SUVA},
  timestamp      = {22-04-2017},
  title          = {Les rythmes},
  year           = 2012
}

@Article{bencivelli:pourquoi,
  Author         = {Silvia Bencivelli},
  Title          = {Pourquoi aime-t-on la musique? Oreille,
                   {\'e}motion,{\'e}volution},
  edition        = {Edition Belin pour la science},
  editor         = {Edition Belin Pour la science},
  timestamp      = {22-04-2017},
  year           = 2009
}

@Book{benenzon:musicotherapie,
  Author         = {Rolando Omar Benenzon},
  Title          = {La musicoth{\'e}rapie. La part oubli{\'e}e de la
                   personnalit{\'e}},
  Publisher      = {De Boeck},
  timestamp      = {22-04-2017},
  year           = 2007
}

@Book{bigand:cerveau,
  Author         = {Bigand, Emmanuel},
  Title          = {Le cerveau m{\'e}lomane},
  Publisher      = {Pour la science},
  Series         = {Cerveau \& psycho},
  Address        = {Paris},
  Note           = {ill. en noir et en coul., couv. ill. en coul. 23 cm.
                   Bibliogr., 3 p.},
  collaborator   = {Bigand, Emmanuel},
  isbn           = {978-2-84245-118-9},
  keywords       = {Musicoth{\'e}rapie, Musique},
  language       = {fre},
  year           = 2013
}

@mvbook{bigand_cerveau_2013,
  editora        = {Bigand, Emmanuel},
  editoratype    = {collaborator},
  isbn           = {978-2-84245-118-9},
  keywords       = {Musicothérapie, Musique},
  location       = {Paris},
  note           = {ill. en noir et en coul., couv. ill. en coul. 23 cm.
                   Bibliogr., 3 p.},
  pagetotal      = {199},
  publisher      = {Pour la science},
  series         = {Cerveau \& psycho},
  title          = {Le cerveau mélomane},
  volumes        = {1},
  year           = 2013
}

@Book{bihan:cerveau,
  Author         = {Denis le Bihan},
  Editor         = {Odile Jacob},
  Title          = {Le cerveau de cristal, ce que nous r{\'e}v{\`e}le la
                   neuro-imagerie},
  timestamp      = {22-04-2017},
  year           = 2012
}

@Book{bosseur:du,
  Author         = {Jean-Yves Bosseur},
  Title          = {Du Son au Signe, Histoire de la notation musicale},
  Publisher      = {Alternatives},
  timestamp      = {22-04-2017},
  year           = 2005
}

@Book{damasio:lautre,
  Author         = {Antonio Damasio},
  Editor         = {Odile Jacob},
  Title          = {L'autre moi-m{\^e}me, les nouvelles cartes du cerveau,
                   de la conscience et des {\'e}motions},
  Series         = {sciences},
  isbn           = {978-2738128270},
  timestamp      = {22-04-2017}
}

@Book{deniot_dire_2000,
  Title          = {Dire la voix : approche transversale des phénomènes
                   vocaux},
  Publisher      = {l'Harmattan},
  Series         = {Collection Univers musical},
  Note           = {ill., couv. ill. 22 cm. Bibliogr. p. 321-324. Discogr.
                   p. 325-326.},
  editora        = {Deniot, Joëlle-Andrée and Dutheil Pessin, Catherine
                   and Vrait, François-Xavier},
  editoratype    = {collaborator},
  isbn           = {978-2-7384-9032-2},
  keywords       = {Chant, Musique vocale, Voix},
  location       = {Paris Montréal (Québec)},
  pagetotal      = {329},
  shorttitle     = {Dire la voix},
  year           = 2000
}

@Book{deniot_dire_2000-1,
  Title          = {Dire la voix : approche transversale des phénomènes
                   vocaux},
  Publisher      = {l'Harmattan},
  Series         = {Collection Univers musical},
  Note           = {ill., couv. ill. 22 cm. Bibliogr. p. 321-324. Discogr.
                   p. 325-326.},
  editora        = {Deniot, Joëlle-Andrée and Dutheil Pessin, Catherine
                   and Vrait, François-Xavier},
  editoratype    = {collaborator},
  isbn           = {978-2-7384-9032-2},
  keywords       = {Chant, Musique vocale, Voix},
  location       = {Paris Montréal (Québec)},
  pagetotal      = {329},
  shorttitle     = {Dire la voix},
  year           = 2000
}

@Book{hachette:dictionnaire,
  Author         = {Hachette},
  Title          = {Dictionnaire {Hachette} de la langue fran{\c c}aise,
                   mini : 35000 mots},
  Publisher      = {Hachette {\'e}ducation},
  Series         = {Mini},
  Address        = {Paris},
  Note           = {couv. ill. en coul. 12 cm. La couv. porte en plus :
                   "55000 d{\'e}finitions.},
  isbn           = {978-2-01-281501-8},
  keywords       = {Fran{\c c}ais (langue)},
  language       = {fre},
  shorttitle     = {Dictionnaire {Hachette} de la langue fran{\c c}aise,
                   mini},
  year           = 2012
}

@mvbook{hachette_dictionnaire_2012,
  author         = {Hachette},
  isbn           = {978-2-01-281501-8},
  keywords       = {Français (langue)},
  location       = {Paris},
  note           = {couv. ill. en coul. 12 cm. La couv. porte en plus :
                   "55000 définitions.},
  pagetotal      = {825},
  publisher      = {Hachette éducation},
  series         = {Mini},
  shorttitle     = {Dictionnaire Hachette de la langue française, mini},
  title          = {Dictionnaire Hachette de la langue française, mini :
                   35000 mots},
  volumes        = {1},
  year           = 2012
}

@Book{harrisson.st-charles:lautisme,
  Author         = {Harrisson, Brigitte and St-Charles, Lise},
  Title          = {L'autisme expliqu{\'e} aux non-autistes},
  Publisher      = {{\'E}ditions du Tr{\'e}carr{\'e}},
  Address        = {Montr{\'e}al},
  Note           = {ill. 23 cm. Bibliogr. p. 167-169.},
  abstract       = {Cet ouvrage propose une description unique du TSA
                   (trouble du spectre de l'autisme) en soulignant qu'un
                   cerveau autiste est diff{\'e}rent d'un cerveau
                   neurotypique, qu'il est connect{\'e} autrement et qu'il
                   ne traite pas les informations de la m{\^e}me
                   mani{\`e}re. Sous forme de questions et r{\'e}ponses,
                   l'explication d'une cinquantaine de notions en lien
                   avec le d{\'e}veloppement de l'autiste. Des conseils
                   s'appuyant sur une compr{\'e}hension nouvelle du TSA,
                   qui trouve de plus en plus {\'e}cho chez les
                   professionnels. Des anecdotes tir{\'e}es de la vie de
                   Brigitte Harrisson, autiste, et de celle de
                   l'{\'e}crivaine Kim Th{\'u}y, m{\`e}re d'un fils
                   autiste},
  isbn           = {978-2-89568-700-9},
  keywords       = {Autisme},
  language       = {fre},
  year           = 2017
}

@Book{haugmard:abc,
  Author         = {Isabelle Haugmard},
  Editor         = {Michel Granch},
  Title          = {ABC de la th{\'e}rapie par les sons},
  timestamp      = {22-04-2017},
  year           = 2010
}

@Misc{lane,
  Author         = {Pierre Lane},
  editor         = {Envoy{\'e} sp{\'e}cial},
  timestamp      = {22-04-2017}
}

@Book{lecourt:decouvrir,
  Author         = {Lecourt, Edith},
  Title          = {D\'ecouvrir la musicoth\'erapie},
  Publisher      = {Editions d'Organisation},
  Address        = {Paris},
  abstract       = {Utilis\'ee depuis l'Antiquit\'e pour ses vertus
                   apaisantes ou curatives, la musique constitue
                   aujourd'hui pour les psychoth\'erapeutes un support
                   privil\'egi\'e et efficace. Ce livre vous invite \`a
                   vous familiariser avec la musicoth\'erapie, de ses
                   fondements historiques et th\'eoriques \`a ses
                   diff\'erentes applications. Tests, exemples et
                   exercices \`a l'appui, vous pourrez ainsi comprendre et
                   exp\'erimenter ses bienfaits. Complet, document\'e et
                   pratique, ce guide de r\'ef\'erence est une parfaite
                   introduction \`a la musicoth\'erapie.},
  isbn           = {978-2-7081-3565-9},
  language       = {Fran\c{c}ais},
  month          = jul,
  year           = 2005
}

@online{lemonde.fr:stradivarius,
  author         = {Herzberg, Nathaniel},
  month          = 4,
  title          = {Le stradivarius détr\^{o}n\'{e} par les violons
                   modernes {@ONLINE}},
  url            = {https://www.lemonde.fr/culture/article/2014/04/10/le-stradivarius-detrone-par-les-violons-modernes_4398681_3246.html},
  year           = 2014
}

@Book{marieb:biologie,
  Author         = {Marieb, Elaine N.},
  Title          = {Biologie humaine : principes d'anatomie et de
                   physiologie},
  Publisher      = {Pearson education},
  Address        = {Paris},
  Edition        = {8e {\'e}d},
  Note           = {ill. 28 cm. Notes bibliogr.},
  isbn           = {978-2-7613-2727-5},
  keywords       = {Anatomie humaine, Physiologie humaine},
  language       = {fre},
  shorttitle     = {Biologie humaine},
  year           = 2008
}

@Book{nevjinsky:adolescence,
  Author         = {Fern Nevjinsky},
  Title          = {Adolescence, musique, Rorschach},
  Publisher      = {Presses universitaires de Rouen et du Havre},
  timestamp      = {22-04-2017},
  year           = 1996
}

@online{noauthor_about_nodate,
  file           = {About Guided Imagery and Music
                   (GIM):/home/golivier/Zotero/storage/84X8TE8M/about.html:text/html},
  title          = {About Guided Imagery and Music ({GIM})},
  url            = {http://www.gim-trainings.com/about.html},
  urldate        = {2018-06-14}
}

@online{noauthor_amazon.fr_nodate,
  file           = {Amazon.fr - L'oreille et la voix \: On chante avec son
                   oreille - Alfred Tomatis -
                   Livres:/home/golivier/Zotero/storage/M99387JD/2221052412.html:text/html},
  title          = {Amazon.fr - L'oreille et la voix : On chante avec son
                   oreille - Alfred Tomatis - Livres},
  url            = {https://www.amazon.fr/Loreille-voix-chante-avec-oreille/dp/2221052412},
  urldate        = {2018-06-13}
}

@online{noauthor_clef_nodate,
  file           = {La clef des sons \: éléments de psychosonique
                   eBook\: Bernard Auriol\: Amazon.fr\: Amazon Media EU
                   S.à
                   r.l.:/home/golivier/Zotero/storage/8BBAEUCW/ref=sr_1_1.html:text/html},
  title          = {La clef des sons : éléments de psychosonique
                   {eBook}: Bernard Auriol: Amazon.fr: Amazon Media {EU}
                   S.à r.l.},
  url            = {https://www.amazon.fr/clef-sons-%C3%A9l%C3%A9ments-psychosonique-ebook/dp/B01DY8OXMA/ref=sr_1_1?ie=UTF8&qid=1528978215&sr=8-1&keywords=Bernard+Auriol+La+cl%C3%A9+des+sons},
  urldate        = {2018-06-14}
}

@online{noauthor_gim_nodate,
  file           = {GIM
                   Trainings:/home/golivier/Zotero/storage/T5SLJZ5C/index.html:text/html},
  title          = {{GIM} Trainings},
  url            = {http://www.gim-trainings.com/index.html},
  urldate        = {2018-06-14}
}

@InBook{richelle:musique,
  Author         = {Richelle},
  Title          = {La musique comme outil de stimulation cognitive},
  Publisher      = {Belin},
  booktitle      = {Le cerveau m{\'e}lomane},
  timestamp      = {22-04-2017}
}

@Book{roland-manuel_histoire_1981,
  Title          = {Histoire de la musique},
  Publisher      = {Gallimard},
  Edition        = {[Nouvelle éd},
  Note           = {18 cm.},
  editora        = {Roland-Manuel},
  editoratype    = {collaborator},
  keywords       = {Musique},
  location       = {Paris},
  year           = 1981
}

@Book{roque:lecoute,
  Author         = {Patrick Dumas de la Roque},
  Title          = {L'{\'e}coute, c'est la vie},
  Publisher      = {Jouvence},
  timestamp      = {22-04-2017}
}

@conference{sandre:environnement,
  author         = {Dominique Sandre},
  eventdate      = {2012-04-06},
  location       = {Dijon},
  timestamp      = {22-04-2017},
  title          = {Environnement sensoriel du b{\'e}b{\'e} dans un
                   contexte hospitalier},
  year           = 2012
}

@Book{schaeffner.ea:histoire,
  Author         = {Schaeffner, Andr{\'e} and others},
  Editor         = {Roland-Manuel},
  Title          = {Histoire de la musique , {I} : {Des} origines {\`a}
                   {Jean}-{S{\'e}bastien} {Bach}},
  Publisher      = {Gallimard},
  Number         = {9},
  Series         = {Encyclop{\'e}die de la {Pl{\'e}iade}},
  Address        = {Paris},
  Note           = {18 cm. Contient des extraits de partitions musicales.
                   Index.},
  collaborator   = {Marcabru},
  keywords       = {Airs de cour, Bach , Johann Sebastian ( 1685-1750 ),
                   Bach , Johann Sebastian ( 1685-1750 ), [Musique pour
                   orgue], Ballet de cour, Cantate. Italie, Carissimi ,
                   Giacomo ( 1605-1674 ), Chanson. France. 15e-16e
                   si{\`e}cle, Chansons, Chansons polyphoniques fran{\c
                   c}aises, Chant gallican, Chant gr{\'e}gorien jusqu'au
                   9e si{\`e}cle, Chant vieux, Chants gr{\'e}goriens,
                   Chorals. Allemagne. 16e si{\`e}cle, Clavecin (musique).
                   France. 17e-18e si{\`e}cle, Couperin , Fran{\c c}ois (
                   1668-1733 ), Danse jusqu'au 15e si{\`e}cle, Eur
                   (Chine), Ex, Ex-Eur (Japon), Ex. Eur (Inde), Folklore,
                   Folklore arabe, Folklore. Afrique noire, Frottole
                   (musique), H{\"a}ndel , Georg Friedrich ( 1685-1759 ),
                   Histoire. 14e-15e si{\`e}cle, Instrument de musique,
                   Italie. Histoire. 13e-15e si{\`e}cle, Josquin Des
                   Pr{\'e}s ( 145.-1521 ), Liturgie protestante.
                   Allemagne. 16e si{\`e}cle, Liturgie protestante.
                   France. 16e si{\`e}cle, Lully , Jean-Baptiste (
                   1632-1687 ), Luth (musique). 16e si{\`e}cle, Luth
                   (musique). France. 17e si{\`e}cle, Madrigaux (musique)
                   italiens, Magie, Messe. 16e si{\`e}cle, Messe. Italie.
                   16e si{\`e}cle, Monteverdi , Claudio ( 1567-1643 ),
                   Motets, Mus. Instr. Allemagne . 1600-1750, Mus. instr.
                   Angleterre. 1600-1750, Mus. Instr. France. 17e
                   si{\`e}cle, Musique, Musique Chine, Musique
                   M{\'e}sopotamie, Musique arabe, Musique byzantine,
                   Musique instrum. 17e-18e si{\`e}cle, Musique
                   instrumentale jusqu'au 15e si{\`e}cle, Musique
                   instrumentale. 16e si{\`e}cle, Musique juive, Musique
                   primitive, Musique relig. France. 1600-1750, Musique
                   religieuse. 15e si{\`e}cle, Musique religieuse.
                   Allemagne. 1600-1750, Musique traditionnelle. Turquie,
                   Musique. Histoire. 15e-16e si{\`e}cle, Mythe, Naples.
                   Histoire jusqu'{\`a} 1750, Notation mensuraliste,
                   Notation musicale, Ockeghem , Johannes ( 14..-1497 ),
                   Op{\'e}ra. Allemagne. 1600-1750, Op{\'e}ra. Angleterre.
                   1600-1750, Op{\'e}ra. France. 1687-1733, Op{\'e}ra.
                   Italie. 17e si{\`e}cle, Op{\'e}ra. Naples jusqu'{\`a}
                   1750, Oratorio. 17e si{\`e}cle, Oratorio. Italie
                   jusqu'au 17e si{\`e}cle, Orgue (musique). 16e
                   si{\`e}cle, Orgue (musique). France. 16e-18e
                   si{\`e}cle, Palestrina , Giovanni Pierluigi da (
                   1525?-1594 ), Pays-Bas. Histoire. 17e-18e si{\`e}cle,
                   Perse. Histoire, Primitif. Instrument de musique,
                   Psaume protestant. France. 16e si{\`e}cle, Purcell ,
                   Henry ( 1659-1695 ), Rameau , Jean-Philippe ( 1683-1764
                   ), Romain, Rome. Histoire. Antiquit{\'e}, Sch{\"u}tz ,
                   Heinrich ( 1585-1672 ), Symbole, Tablature,
                   Th{\'e}{\^a}tre. Italie. 16e si{\`e}cle, Turquie.
                   Histoire},
  language       = {fre},
  shorttitle     = {Histoire de la musique , {I}},
  year           = 1960
}

@mvbook{schaeffner_histoire_1960,
  author         = {Schaeffner, André and Brăiloiu, Constantin and
                   Schneider, Marius and Rouget, Gilbert and Schlager, E.
                   and Ma Hiao-ts'iun and Hauchecorne, Armand and Bake,
                   Arnold Adriaan and Trâǹ Văn Khê and
                   Duchesne-Guillemin, Marcelle and Algazi, Léon and
                   Tiby, Ottavio and Barkechli, Mehdi and Chottin, Alexis
                   and Jargy, Simon and Saygun, Ahmed Adnan and Corbin,
                   Solange and Wellesz, Egon and Corbin, Solange and
                   Corbin, Solange and Bridgman, Nanie and Guiomar, Paule
                   and Chailley, Jacques and Heinrich von Veldeke and
                   Pirrotta, Nino and Bukofzer, Manfred F. and Bukofzer,
                   Manfred F. and Schrade, Leo and Thibault, Geneviève
                   and Schrade, Leo and Bridgman, Nanie and Birkner,
                   Günter and Guiomar, Paule and Lesure, François and
                   Bridgman, Nanie and Bridgman, Nanie and Mompellio,
                   Federico and Cellier, Alexandre and Honegger, Marc and
                   Samson, Joseph and Raugel, Félix and Thibault,
                   Geneviève and Dart, Thurston and Anglès, Higini and
                   Pincherle, Marc and Ghisi, Federico and Mompellio,
                   Federico and Grout, Donald Jay and Grout, Donald Jay
                   and Damerini, Adelmo and Damerini, Adelmo and Ghisi,
                   Federico and Verchaly, André and Lesure, François and
                   Girardon-Masson, Renée and Masson, Paul-Marie and
                   Garros, Madeleine and Dufourcq, Norbert and Citron,
                   Pierre and Masson, Paul-Marie and Masson, Paul-Marie
                   and Subirá, José and Clercx, Suzanne and Tilmouth,
                   Michael and Dent, Edward Joseph and Raynor, Henry and
                   Abert, Anna Amalie and Abert, Anna Amalie and Gudewill,
                   Kurt and Blume, Friedrich and Raugel, Félix and
                   Handschin, Jacques and Humbrecht, Georges and Dufourcq,
                   Norbert and De Nys, Carl and Lehmann, Claude and
                   Humbrecht, Georges and Hayne van Ghizeghem and Strozzi,
                   Piero and Peri, Jacopo},
  editor         = {Roland-Manuel},
  editora        = {Marcabru},
  editoratype    = {collaborator},
  keywords       = {Musique, Airs de cour, Bach , Johann Sebastian (
                   1685-1750 ), Bach , Johann Sebastian ( 1685-1750 ),
                   [Musique pour orgue], Ballet de cour, Cantate. Italie,
                   Carissimi , Giacomo ( 1605-1674 ), Chanson. France.
                   15e-16e siècle, Chansons, Chansons polyphoniques
                   françaises, Chant gallican, Chant grégorien jusqu'au
                   9e siècle, Chant vieux, Chants grégoriens, Chorals.
                   Allemagne. 16e siècle, Clavecin (musique). France.
                   17e-18e siècle, Couperin , François ( 1668-1733 ),
                   Danse jusqu'au 15e siècle, Eur (Chine), Ex, Ex-Eur
                   (Japon), Ex. Eur (Inde), Folklore, Folklore arabe,
                   Folklore. Afrique noire, Frottole (musique), Händel ,
                   Georg Friedrich ( 1685-1759 ), Histoire. 14e-15e
                   siècle, Instrument de musique, Italie. Histoire.
                   13e-15e siècle, Josquin Des Prés ( 145.-1521 ),
                   Liturgie protestante. Allemagne. 16e siècle, Liturgie
                   protestante. France. 16e siècle, Lully , Jean-Baptiste
                   ( 1632-1687 ), Luth (musique). 16e siècle, Luth
                   (musique). France. 17e siècle, Madrigaux (musique)
                   italiens, Magie, Messe. 16e siècle, Messe. Italie. 16e
                   siècle, Monteverdi , Claudio ( 1567-1643 ), Motets,
                   Mus. Instr. Allemagne . 1600-1750, Mus. instr.
                   Angleterre. 1600-1750, Mus. Instr. France. 17e siècle,
                   Musique Chine, Musique Mésopotamie, Musique arabe,
                   Musique byzantine, Musique instrum. 17e-18e siècle,
                   Musique instrumentale jusqu'au 15e siècle, Musique
                   instrumentale. 16e siècle, Musique juive, Musique
                   primitive, Musique relig. France. 1600-1750, Musique
                   religieuse. 15e siècle, Musique religieuse. Allemagne.
                   1600-1750, Musique traditionnelle. Turquie, Musique.
                   Histoire. 15e-16e siècle, Mythe, Naples. Histoire
                   jusqu'à 1750, Notation mensuraliste, Notation
                   musicale, Ockeghem , Johannes ( 14..-1497 ), Opéra.
                   Allemagne. 1600-1750, Opéra. Angleterre. 1600-1750,
                   Opéra. France. 1687-1733, Opéra. Italie. 17e siècle,
                   Opéra. Naples jusqu'à 1750, Oratorio. 17e siècle,
                   Oratorio. Italie jusqu'au 17e siècle, Orgue (musique).
                   16e siècle, Orgue (musique). France. 16e-18e siècle,
                   Palestrina , Giovanni Pierluigi da ( 1525?-1594 ),
                   Pays-Bas. Histoire. 17e-18e siècle, Perse. Histoire,
                   Primitif. Instrument de musique, Psaume protestant.
                   France. 16e siècle, Purcell , Henry ( 1659-1695 ),
                   Rameau , Jean-Philippe ( 1683-1764 ), Romain, Rome.
                   Histoire. Antiquité, Schütz , Heinrich ( 1585-1672 ),
                   Symbole, Tablature, Théâtre. Italie. 16e siècle,
                   Turquie. Histoire},
  location       = {Paris},
  note           = {18 cm. Contient des extraits de partitions musicales.
                   Index.},
  number         = {9},
  pagetotal      = {2236},
  publisher      = {Gallimard},
  series         = {Encyclopédie de la Pléiade},
  shorttitle     = {Histoire de la musique , I},
  title          = {Histoire de la musique , I : Des origines à
                   Jean-Sébastien Bach},
  volumes        = {1},
  year           = 1960
}

@Book{seron.baron.ea:neuropsychologie,
  Author         = {Seron, Xavier and Baron, Jean-Claude and Jeannerod,
                   Marc},
  Title          = {Neuropsychologie humaine},
  Publisher      = {Editions Mardaga},
  Note           = {Google-Books-ID: GxAlCMORZosC},
  abstract       = {Ce volumineux ouvrage est un v{\'e}ritable Trait{\'e}
                   qui pr{\'e}sente de mani{\`e}re critique et didactique
                   les grands domaines de la recherche en
                   neuropsychologie, domaines situ{\'e}s au carrefour des
                   neurosciences et des sciences cognitives. Ainsi, d'un
                   c{\^o}t{\'e}, la Neuropsychologie Humaine introduit aux
                   recherches actuelles sur les bases neurochimiques et
                   neurophysiologiques des comportements et des processus
                   mentaux, d{\'e}crit l'ontogen{\`e}se des fonctions
                   c{\'e}r{\'e}brales et les m{\'e}canismes de la
                   s{\'e}nescence. L'ouvrage traite aussi des grands
                   syndromes cliniques (aphasie, d{\'e}mence d'Alzheimer,
                   etc.) et de l'apport des nouvelles techniques de
                   l'imagerie m{\'e}dicale. Il retrace enfin les grandes
                   {\'e}tapes de l'histoire des localisations
                   c{\'e}r{\'e}brales et de la sp{\'e}cialisation des
                   h{\'e}misph{\`e}res c{\'e}r{\'e}braux. D'un autre
                   c{\^o}t{\'e}, l'ouvrage prend appui sur les cadres
                   th{\'e}oriques de la psychologie cognitive, pour
                   examiner en profondeur les troubles du langage, du
                   calcul, de la m{\'e}moire, de l'attention, des
                   m{\'e}canismes perceptifs, des gestes et des processus
                   de contr{\^o}le de l'action. Il documente en d{\'e}tail
                   les apports du courant cognitif {\`a} la
                   compr{\'e}hension des troubles. L'ouvrage indique enfin
                   quels sont les grands axes de la recherche
                   contemporaine dans le domaine de la r{\'e}habilitation
                   fonctionnelle. Edit{\'e} sous la direction de Xavier
                   Seron (Louvain) et de Marc Jeannerod (Lyon), ce livre a
                   {\'e}t{\'e} {\'e}crit par une quarantaine de chercheurs
                   et enseignants francophones, sp{\'e}cialistes issus de
                   diff{\'e}rentes disciplines (neurochimie,
                   neuroanatomie, neurologie, neurophysiologie,
                   psychologie, logop{\'e}die, linguistique...), la
                   plupart pratiquant la neuropsychologie dans ses
                   dimensions cliniques ou exp{\'e}rimentales. Destin{\'e}
                   aux {\'e}tudiants de psychologie, de neurologie, de
                   neurophysiologie, de logop{\'e}die et de m{\'e}decine
                   physique, cet ouvrage devrait aussi int{\'e}resser
                   l'ensemble des chercheurs relevant des sciences
                   cognitives (linguistique, intelligence artificielle,
                   psychologie cognitive,...) et des neurosciences
                   (neurochimie, neurophysiologie, neuroradiologie,...).
                   Les dimensions cliniques de l'ouvrage font qu'il
                   s'adresse {\'e}galement aux cliniciens de ces
                   disciplines, qu'ils soient concern{\'e}s par le
                   diagnostic ou la r{\'e}habilitation fonctionnelle dans
                   ses dimensions cognitives, motrices et linguistiques.
                   Richement illustr{\'e}, ce Trait{\'e} constitue en
                   outre un texte de r{\'e}f{\'e}rence pour l'enseignement
                   de la neuropsychologie dans le premier et le
                   deuxi{\`e}me cycle de l'enseignement sup{\'e}rieur.},
  isbn           = {978-2-87009-689-5},
  language       = {fr},
  year           = 1998
}

@Book{seron_neuropsychologie_1998,
  Author         = {Seron, Xavier and Baron, Jean-Claude and Jeannerod,
                   Marc},
  Title          = {Neuropsychologie humaine},
  Publisher      = {Editions Mardaga},
  Note           = {Google-Books-{ID}: {GxAlCMORZosC}},
  abstract       = {Ce volumineux ouvrage est un véritable Traité qui
                   présente de manière critique et didactique les grands
                   domaines de la recherche en neuropsychologie, domaines
                   situés au carrefour des neurosciences et des sciences
                   cognitives. Ainsi, d'un côté, la Neuropsychologie
                   Humaine introduit aux recherches actuelles sur les
                   bases neurochimiques et neurophysiologiques des
                   comportements et des processus mentaux, décrit
                   l'ontogenèse des fonctions cérébrales et les
                   mécanismes de la sénescence. L'ouvrage traite aussi
                   des grands syndromes cliniques (aphasie, démence
                   d'Alzheimer, etc.) et de l'apport des nouvelles
                   techniques de l'imagerie médicale. Il retrace enfin
                   les grandes étapes de l'histoire des localisations
                   cérébrales et de la spécialisation des hémisphères
                   cérébraux. D'un autre côté, l'ouvrage prend appui
                   sur les cadres théoriques de la psychologie cognitive,
                   pour examiner en profondeur les troubles du langage, du
                   calcul, de la mémoire, de l'attention, des mécanismes
                   perceptifs, des gestes et des processus de contrôle de
                   l'action. Il documente en détail les apports du
                   courant cognitif à la compréhension des troubles.
                   L'ouvrage indique enfin quels sont les grands axes de
                   la recherche contemporaine dans le domaine de la
                   réhabilitation fonctionnelle. Edité sous la direction
                   de Xavier Seron (Louvain) et de Marc Jeannerod (Lyon),
                   ce livre a été écrit par une quarantaine de
                   chercheurs et enseignants francophones, spécialistes
                   issus de différentes disciplines (neurochimie,
                   neuroanatomie, neurologie, neurophysiologie,
                   psychologie, logopédie, linguistique...), la plupart
                   pratiquant la neuropsychologie dans ses dimensions
                   cliniques ou expérimentales. Destiné aux étudiants
                   de psychologie, de neurologie, de neurophysiologie, de
                   logopédie et de médecine physique, cet ouvrage
                   devrait aussi intéresser l'ensemble des chercheurs
                   relevant des sciences cognitives (linguistique,
                   intelligence artificielle, psychologie cognitive,...)
                   et des neurosciences (neurochimie, neurophysiologie,
                   neuroradiologie,...). Les dimensions cliniques de
                   l'ouvrage font qu'il s'adresse également aux
                   cliniciens de ces disciplines, qu'ils soient concernés
                   par le diagnostic ou la réhabilitation fonctionnelle
                   dans ses dimensions cognitives, motrices et
                   linguistiques. Richement illustré, ce Traité
                   constitue en outre un texte de référence pour
                   l'enseignement de la neuropsychologie dans le premier
                   et le deuxième cycle de l'enseignement supérieur.},
  isbn           = {978-2-87009-689-5},
  langid         = {french},
  pagetotal      = {620},
  year           = 1998
}

@Book{tomatis:de,
  Author         = {Alfred Tomatis},
  Title          = {De la communication intra-ut{\'e}rine au langage
                   humain, la lib{\'e}ration d'Oedipe},
  Publisher      = {Collection Science de l'{\'e}ducation},
  Edition        = {5},
  timestamp      = {22-04-2017},
  year           = 1972
}

@Book{tomatis:education,
  Author         = {Alfred Tomatis},
  Title          = {Education et {Dyslexie}.},
  Publisher      = {Les Editions E S F},
  Address        = {Paris},
  language       = {Allemand},
  year           = 1972
}

@Book{tomatis:loreille,
  Author         = {Alfred Tomatis},
  Title          = {L'oreille et la voix},
  Publisher      = {Robert Laffont},
  Address        = {Paris},
  timestamp      = {22-04-2017},
  year           = 1987
}

@Book{tomatis:loreille*1,
  Author         = {Alfred Tomatis},
  Title          = {L'oreille et la vie},
  Publisher      = {Robert Laffont},
  timestamp      = {22-04-2017},
  year           = 1977
}

@Book{tomatis:neuf,
  Author         = {Alfred Tomatis},
  Title          = {Neuf mois au paradis, histoires de la vie
                   pr{\'e}natale},
  Publisher      = {Ergo Press},
  timestamp      = {22-04-2017},
  year           = 1989
}

@Book{tomatis:troubles,
  Author         = {Alfred Tomatis},
  Title          = {Les troubles scolaires},
  timestamp      = {22-04-2017},
  year           = 1988
}

@Book{tomatis:vers,
  Author         = {Alfred Tomatis},
  Title          = {Vers l'{\'e}coute humaine},
  Publisher      = {Collection Science de l'{\'e}ducation},
  Edition        = {2},
  timestamp      = {22-04-2017},
  year           = 1983
}

@Book{verdeau-pailles:bilan,
  Author         = {Jacqueline Verdeau-Paill{\`e}s},
  Title          = {Le {Bilan} psycho-musical et la personnalit{\'e}},
  Publisher      = {J.M. Fuzeau},
  Address        = {Courlay},
  Edition        = {2e {\'e}d. revue et corrig{\'e}e},
  year           = 1983
}

@Book{verlinde:lexperience,
  Author         = {Joseph-Marie Verlinde},
  Title          = {L'exp{\'e}rience interdite},
  Publisher      = {Saint-Paul},
  timestamp      = {22-04-2017},
  year           = 1998
}

@Book{viret:b,
  Author         = {Jacques Viret},
  Editor         = {Pard{\`e}s},
  Title          = {B.A-BA de la musicoth{\'e}rapie},
  Address        = {Grez-sur-Loing},
  timestamp      = {22-04-2017},
  year           = 2007
}

@Book{viret:musicotherapie,
  Author         = {Viret, Jacques},
  Title          = {Musicoth{\'e}rapie},
  Publisher      = {Pard{\`e}s},
  Series         = {B.a.-ba},
  Address        = {Grez-sur-Loing},
  Note           = {ill., couv. ill. en coul. 21 cm. Bibliogr. p. 123-125.
                   Musicogr. p. 125. Webliogr. p. 126-127.},
  isbn           = {978-2-86714-405-9},
  keywords       = {Musicoth{\'e}rapie},
  language       = {fre},
  year           = 2007
}

@Book{vrait_musicotherapie_2018,
  Author         = {Vrait, Fran\c{c}ois-Xavier},
  Title          = {La musicoth\'erapie},
  Publisher      = {Presses Universitaires de France - {PUF}},
  location       = {Paris},
  year           = 2018
}

