%% This BibTeX bibliography file was created using BibDesk.
%% http://bibdesk.sourceforge.net/

%% Created for Val√©rie Gaillard at 2020-01-15 19:52:43 +0100 


%% Saved with string encoding Unicode (UTF-8) 



@url{furura-sciences,
	Author = {Guillaume Josse},
	Date-Added = {2020-01-15 18:46:50 +0000},
	Date-Modified = {2020-01-15 18:52:28 +0000},
	Keywords = {futura-sciences},
	Lastchecked = {2018},
	Title = {Futura explorer le monde},
	Urldate = {www.furtura-science.com}}
