%% This BibTeX bibliography file was created using BibDesk.
%% http://bibdesk.sourceforge.net/

%% Created for Val√©rie Gaillard at 2019-11-09 19:33:35 +0100 


%% Saved with string encoding Unicode (UTF-8) 



@online{noauthor_methode_nodate,
	File = {La m{\'e}thode Tomatis - Alfred Tomatis - Payot:/Users/valeriegaillard/Zotero/storage/NSZ6GKIY/la_methode_tomatis-alfred_tomatis-9782364064676.html:text/html},
	Title = {La m{\'e}thode Tomatis - Alfred Tomatis - Payot},
	Url = {https://www.payot.ch/Detail/la_methode_tomatis-alfred_tomatis-9782364064676},
	Urldate = {2019-01-26},
	Bdsk-Url-1 = {https://www.payot.ch/Detail/la_methode_tomatis-alfred_tomatis-9782364064676}}

@online{noauthor_peau_nodate,
	File = {La peau, m\{'e\}taphore d'une rencontre entre art et clinique - Martine Colignon - Payot:/Users/valeriegaillard/Zotero/storage/KLE573CG/la_peau_metaphore_dune_rencontre_entre_art_et_clinique-martine_colignon-9782749260891.html:text/html;La peau, m{\'e}taphore d'une rencontre entre art et clinique - Martine Colignon - Payot:/Users/valeriegaillard/Zotero/storage/KIKNYK4B/la_peau_metaphore_dune_rencontre_entre_art_et_clinique-martine_colignon-9782749260891.html:text/html},
	Title = {La peau, m{\'e}taphore d'une rencontre entre art et clinique - Martine Colignon - Payot},
	Url = {https://www.payot.ch/Detail/la_peau_metaphore_dune_rencontre_entre_art_et_clinique-martine_colignon-9782749260891?cId=0},
	Urldate = {2019-01-26},
	Bdsk-Url-1 = {https://www.payot.ch/Detail/la_peau_metaphore_dune_rencontre_entre_art_et_clinique-martine_colignon-9782749260891?cId=0}}

@online{noauthor_oreille_nodate,
	File = {L'oreille et la voix - Alfred Tomatis - Payot:/Users/valeriegaillard/Zotero/storage/IEUFWXPX/loreille_et_la_voix-alfred_tomatis__patrick_guillaume-9782221107140.html:text/html;L'oreille et la voix - Alfred Tomatis - Payot:/Users/valeriegaillard/Zotero/storage/4P9RAEAJ/loreille_et_la_voix-alfred_tomatis__patrick_guillaume-9782221107140.html:text/html},
	Title = {L'oreille et la voix - Alfred Tomatis - Payot},
	Url = {https://www.payot.ch/Detail/loreille_et_la_voix-alfred_tomatis__patrick_guillaume-9782221107140},
	Urldate = {2019-01-26},
	Bdsk-Url-1 = {https://www.payot.ch/Detail/loreille_et_la_voix-alfred_tomatis__patrick_guillaume-9782221107140}}

@online{noauthor_les_nodate,
	File = {Les liens entre l'oreille et la voix - Patrick De La Roque - Payot:/Users/valeriegaillard/Zotero/storage/FHKBCUDG/les_liens_entre_loreille_et_la_voix-patrick_de_la_roque_-9782364062795.html:text/html;Les liens entre l'oreille et la voix - Patrick De La Roque - Payot:/Users/valeriegaillard/Zotero/storage/CBT4CP2M/les_liens_entre_loreille_et_la_voix-patrick_de_la_roque_-9782364062795.html:text/html},
	Title = {Les liens entre l'oreille et la voix - Patrick De La Roque - Payot},
	Url = {https://www.payot.ch/Detail/les_liens_entre_loreille_et_la_voix-patrick_de_la_roque_-9782364062795},
	Urldate = {2019-01-26},
	Bdsk-Url-1 = {https://www.payot.ch/Detail/les_liens_entre_loreille_et_la_voix-patrick_de_la_roque_-9782364062795}}

@online{noauthor_cerveau_nodate,
	File = {Le cerveau m{\'e}lomane - Emmanuel Bigand - Payot:/Users/valeriegaillard/Zotero/storage/MBX8GAZI/le_cerveau_melomane-emmanuel_bigand___collectif-9782842451189.html:text/html},
	Title = {Le cerveau m{\'e}lomane - Emmanuel Bigand - Payot},
	Url = {https://www.payot.ch/Detail/le_cerveau_melomane-emmanuel_bigand___collectif-9782842451189},
	Urldate = {2019-01-26},
	Bdsk-Url-1 = {https://www.payot.ch/Detail/le_cerveau_melomane-emmanuel_bigand___collectif-9782842451189}}

@online{noauthor_les_nodate-1,
	File = {Les bienfaits de la musique sur le cerveau - Emmanuel Bigand - Payot:/Users/valeriegaillard/Zotero/storage/C5TEQ8I7/les_bienfaits_de_la_musique_sur_le_cerveau-emmanuel_bigand__charlotte_martin-9782410013795.html:text/html;Les bienfaits de la musique sur le cerveau - Emmanuel Bigand - Payot:/Users/valeriegaillard/Zotero/storage/CX9GRQPT/les_bienfaits_de_la_musique_sur_le_cerveau-emmanuel_bigand__charlotte_martin-9782410013795.html:text/html},
	Title = {Les bienfaits de la musique sur le cerveau - Emmanuel Bigand - Payot},
	Url = {https://www.payot.ch/Detail/les_bienfaits_de_la_musique_sur_le_cerveau-emmanuel_bigand__charlotte_martin-9782410013795},
	Urldate = {2019-01-26},
	Bdsk-Url-1 = {https://www.payot.ch/Detail/les_bienfaits_de_la_musique_sur_le_cerveau-emmanuel_bigand__charlotte_martin-9782410013795}}

@book{noauthor_pourquoi_nodate,
	File = {Pourquoi aime-t-on la musique ? - Silvia Bencivelli - Payot:/Users/valeriegaillard/Zotero/storage/JTBZQZXJ/pourquoi_aime_t_on_la_musique_-silvia_bencivelli__sophie_lem-9782701149387.html:text/html;Pourquoi aime-t-on la musique ? - Silvia Bencivelli - Payot:/Users/valeriegaillard/Zotero/storage/ELGRNIQW/pourquoi_aime_t_on_la_musique_-silvia_bencivelli__sophie_lem-9782701149387.html:text/html},
	Title = {Pourquoi aime-t-on la musique ? - Silvia Bencivelli - Payot},
	Url = {https://www.payot.ch/Detail/pourquoi_aime_t_on_la_musique_-silvia_bencivelli__sophie_lem-9782701149387},
	Urldate = {2019-01-26},
	Bdsk-Url-1 = {https://www.payot.ch/Detail/pourquoi_aime_t_on_la_musique_-silvia_bencivelli__sophie_lem-9782701149387}}

@mvbook{sacks_musicophilia_2009,
	Author = {Sacks, Oliver},
	Date = {2009},
	Isbn = {978-2-286-05280-5},
	Keywords = {Musique},
	Location = {Paris},
	Note = {couv. ill. en coul. 25 cm. Bibliogr. p. 431-453. Index.},
	Pagetotal = {472},
	Publisher = {Grand livre du mois},
	Shorttitle = {Musicophilia},
	Title = {Musicophilia : la musique, le cerveau et nous},
	Translator = {Cler, Christian},
	Volumes = {1}}

@mvbook{lecourt_musicotherapie_2014,
	Author = {Lecourt, {\'E}dith},
	Date = {2014},
	Edition = {4e tirage, 2014},
	Isbn = {978-2-212-55929-3},
	Keywords = {Musicoth{\'e}rapie},
	Location = {Paris},
	Note = {ill., couv. ill. en coul. 21 cm. Bibliogr. p. 189-191. Webliogr. p. 191-192. Notes bibliogr. Index.},
	Pagetotal = {194},
	Publisher = {Eyrolles},
	Series = {Eyrolles pratique},
	Title = {La musicoth{\'e}rapie},
	Volumes = {1}}

@mvbook{vrait_musicotherapie_nodate,
	Abstract = {Depuis l'Antiquit{\'e}, on reconna{\^\i}t {\`a} la musique des vertus th{\'e}rapeutiques. Dans la pens{\'e}e chinoise comme dans le monde arabe m{\'e}di{\'e}val, les traitements musicaux sont d{\'e}crits comme une {\'e}vidence. En quelque lieu et {\`a} quelque {\'e}poque que ce soit, les connaissances scientifiques, la pens{\'e}e philosophique ou les repr{\'e}sentations anthropologiques permettent de tisser des liens entre musique et m{\'e}decine. C'est aujourd'hui l'objet de la musicoth{\'e}rapie, discipline {\`a} part enti{\`e}re quoique r{\'e}cente, et du musicoth{\'e}rapeute, professionnel du secteur de la sant{\'e}.De la clinique aux neurosciences, de la musicoth{\'e}rapie active ou r{\'e}ceptive {\`a} la musicoth{\'e}rapie individuelle ou de groupe, partez avec Fran{\c c}ois-Xavier Vrait {\`a} la d{\'e}couverte des mod{\`e}les et des r{\'e}f{\'e}rences, mais aussi des champs d'application et des pratiques, qui prouvent que la musique adoucit les maux{\ldots}},
	Author = {Vrait, Fran{\c c}ois-Xavier},
	Isbn = {978-2-13-079993-1},
	Keywords = {Musicoth{\'e}rapie},
	Note = {18 cm. Bibliogr., 3 p.},
	Number = {n$\,^{\circ}$ 4111},
	Pagetotal = {124},
	Series = {Que sais-je ?},
	Title = {La musicoth{\'e}rapie},
	Volumes = {1}}

@mvbook{beuzen_musique_2015,
	Author = {Beuzen, Jean-No{\"e}l},
	Date = {2015},
	Isbn = {978-2-7381-3127-0},
	Keywords = {Musique, Musicoth{\'e}rapie, Art et maladies mentales},
	Location = {Paris},
	Note = {ill. 24 cm. Bibliogr. p. 273-280.},
	Pagetotal = {286},
	Publisher = {Odile Jacob},
	Title = {La musique, entre g{\'e}nie cr{\'e}ateur et vertu th{\'e}rapeutique},
	Volumes = {1}}

@mvbook{van_eersel_cerveau,
	Author = {Van Eersel, Patrice},
	Date = {2012},
	Date-Modified = {2019-11-09 18:31:50 +0000},
	Isbn = {978-2-226-24074-3},
	Keywords = {Cerveau, Esprit et cerveau, Neuropsychologie},
	Location = {Paris},
	Note = {couv. ill. en coul. 23 cm. Bibliogr. 223-226.},
	Pagetotal = {227},
	Publisher = {A. Michel},
	Series = {Entretiens-cl{\'e}s},
	Shorttitle = {Votre cerveau n'a pas fini de vous {\'e}tonner},
	Title = {Votre cerveau n'a pas fini de vous {\'e}tonner : entretiens avec Patrice Van Eersel},
	Volumes = {1}}

@mvbook{lecourt_les_2017,
	Abstract = {Les art-th{\'e}rapies, c'est-{\`a}-dire l'utilisation de la danse, la musique, les arts plastiques ou encore le th{\'e}{\^a}tre, sous leurs diff{\'e}rentes formes, dans un objectif d'aide {\`a} surmonter les difficult{\'e}s de la vie, connaissent actuellement un d{\'e}veloppement important en France. C'est pourquoi une synth{\`e}se de ces pratiques d'art-th{\'e}rapies s'impose.Cet ouvrage regroupe les savoirs et exp{\'e}riences cliniques de plus d'une vingtaine d'art-th{\'e}rapeutes appartenant {\`a} ces sp{\'e}cialit{\'e}s que sont la musicoth{\'e}rapie, la danse-th{\'e}rapie, la dramath{\'e}rapie et les arts plastiques th{\'e}rapie. Pour chacune de ces sp{\'e}cialit{\'e}s sont pr{\'e}sent{\'e}s les historiques, les principales m{\'e}thodes, les applications et les r{\'e}f{\'e}rences th{\'e}oriques accompagn{\'e}es de nombreuses illustrations cliniques. Les recherches dans ce domaine, les formations des art-th{\'e}rapeutes et les questions d'{\'e}thique de la profession sont {\'e}galement d{\'e}velopp{\'e}es.Cet ouvrage s'adresse {\`a} tous ceux qui s'interrogent sur ces pratiques d'art-th{\'e}rapies et certaines formes de commercialisation (cahiers de dessin, {CD}, etc.), mais aussi {\`a} ceux qui sont en formation dans l'une ou l'autre de ces sp{\'e}cialit{\'e}s. Il sera aussi particuli{\`e}rement utile aux artistes et aux soignants int{\'e}ress{\'e}s par cette orientation professionnelle. Pour les institutions d'{\'e}ducation sp{\'e}cialis{\'e}e, d'aide et de soins, l'ouvrage permettra de pr{\'e}ciser les contours de ces nouvelles professions},
	Date = {2017},
	Editora = {Lecourt, {\'E}dith and Lubart, Todd I.},
	Editoratype = {collaborator},
	Isbn = {978-2-200-61736-3},
	Keywords = {Art-th{\'e}rapie},
	Location = {Malakoff},
	Note = {ill. 24 cm. Bibliogr. p. 263-278. Index.},
	Pagetotal = {287},
	Publisher = {Armand Colin},
	Series = {Collection U},
	Title = {Les art-th{\'e}rapies},
	Volumes = {1}}

@book{franz_psychologie_1986,
	Author = {Franz, Marie-Louise von},
	Date = {1986},
	Isbn = {978-2-905525-01-7},
	Keywords = {Divination, Synchronicit{\'e}},
	Location = {Paris},
	Note = {ill.,couv.ill. 23 cm. R{\'e}unit des conf{\'e}rences prononc{\'e}es {\`a} l' Institut C. G. Jung {\`a} Z{\"u}rich en 1969.},
	Pagetotal = {152},
	Publisher = {Poiesis diff. Payot},
	Shorttitle = {La Psychologie de la divination},
	Title = {La Psychologie de la divination : le hasard signifiant},
	Translator = {Capek, Suzanne}}

@mvbook{fedrizzi_lorsque_nodate,
	Author = {Fedrizzi, Francesca},
	Isbn = {978-2-35644-274-1},
	Keywords = {Aphasie, Danse-th{\'e}rapie},
	Note = {21 cm. Bibliogr. p. 149-150.},
	Pagetotal = {150},
	Shorttitle = {Lorsque les mots viennent {\`a} manquer},
	Title = {Lorsque les mots viennent {\`a} manquer : mon exp{\'e}rience avec le tango, l'aphasie et la tangoth{\'e}rapie pour aphasiques},
	Translator = {Alibert, Aude},
	Volumes = {1}}

@book{barthelemy_voix_2003,
	Author = {Barth{\'e}l{\'e}my, Yva and Bougault, Jos{\'e}e},
	Date = {2003},
	Edition = {[Nouv. {\'e}d. enti{\`e}rement rev., augm. et remani{\'e}e},
	Isbn = {978-2-221-09861-5},
	Keywords = {Chant, Culture vocale, Dysphonie},
	Location = {Paris},
	Note = {ill., mus., couv. ill. en coul. 22 cm. Bibliogr. p. 345-346.},
	Pagetotal = {347},
	Publisher = {R. Laffont},
	Series = {R{\'e}ponses},
	Shorttitle = {La voix lib{\'e}r{\'e}e},
	Title = {La voix lib{\'e}r{\'e}e : [une nouvelle technique pour l'art lyrique et la r{\'e}{\'e}ducation vocale]}}

@book{wilfart_chant_1994,
	Author = {Wilfart, Serge},
	Date = {1994},
	Isbn = {978-2-226-06954-2},
	Keywords = {Culture vocale, Voix},
	Location = {Paris},
	Note = {ill., couv. ill. 23 cm. Bibliogr., 1 p.},
	Pagetotal = {197},
	Publisher = {A. Michel},
	Series = {L'{\^e}tre et le corps},
	Shorttitle = {Le chant de l'{\^e}tre},
	Title = {Le chant de l'{\^e}tre : analyser, construire, harmoniser par la voix}}

@mvbook{chertok_naissance_1973,
	Author = {Chertok, L{\'e}on and Saussure, Raymond de},
	Date = {1973},
	Location = {Paris},
	Note = {ill. 23 cm. Bibliogr. p. 241 {\`a} 258. Index. Br.: 48,40 F.},
	Publisher = {Payot},
	Series = {Collection Science de l'homme},
	Shorttitle = {Naissance du psychanalyste},
	Title = {Naissance du psychanalyste : de Mesmer {\`a} Freud},
	Volumes = {1}}

@mvbook{le_bihan_cerveau_2012,
	Author = {Le Bihan, Denis},
	Date = {2012},
	Isbn = {978-2-7381-2527-9},
	Keywords = {Cerveau},
	Location = {Paris},
	Note = {ill. en noir et en coul., couv. ill. en coul. 22 cm. Bibliogr. p. 209-215.},
	Pagetotal = {220},
	Publisher = {O. Jacob},
	Shorttitle = {Le cerveau de cristal},
	Title = {Le cerveau de cristal : ce que nous rev{\`e}le la neuro-imagerie},
	Volumes = {1}}

@book{ridel_pouvoir_1987,
	Author = {Ridel, Alice},
	Date = {1987},
	Keywords = {Culture vocale},
	Location = {Paris},
	Note = {Ill., couv. ill. 24 cm.},
	Publisher = {{BAMI}},
	Title = {Le Pouvoir de la voix}}

@mvbook{forestier_tout_2011,
	Author = {Forestier, Richard},
	Date = {2011},
	Isbn = {978-2-8289-1230-7},
	Keywords = {Musicoth{\'e}rapie, Art-th{\'e}rapie},
	Location = {Lausanne Paris},
	Note = {ill., couv. ill. en coul. 24 cm. La couv. porte en plus : "concepts, m{\'e}thodes et cliniques, exercices, jeux, situations pratiques, t{\'e}moignages et r{\'e}sultats. Bibliogr. p. 332-335.},
	Pagetotal = {349},
	Publisher = {Favre},
	Shorttitle = {Tout savoir sur la musicoth{\'e}rapie},
	Title = {Tout savoir sur la musicoth{\'e}rapie : l'art th{\'e}rapie {\`a} dominante musicale},
	Volumes = {1}}

@book{rondeleux_trouver_2004,
	Author = {Rondeleux, Louis-Jacques},
	Date = {2004},
	Isbn = {978-2-02-063981-1},
	Keywords = {Chant, Culture vocale},
	Location = {Paris},
	Note = {ill., mus., couv. ill. 22 cm. La couv. porte en plus : "contr{\^o}ler sa respiration, enrichir son timbre, {\'e}largir son registre vocal. Bibliogr., 1 p.},
	Pagetotal = {187},
	Publisher = {{\'E}d. du Seuil},
	Series = {Seuil pratique},
	Title = {Trouver sa voix}}

@book{willms_musiktherapie_1975,
	Abstract = {Literaturverz. S. 96 - 99},
	Author = {Willms, Harm and Alvin, Juliette},
	Date = {1975},
	Isbn = {978-3-437-00166-6},
	Keywords = {Musik Psychotherapie, Musiktherapie, Psychorhythmie, Geisteskrankheit, Irrsinn, Music therapy, Musik Musiktherapie, Pathopsychologie, Psychopathologie, Psychose},
	Location = {Stuttgart},
	Pagetotal = {102},
	Publisher = {Fischer},
	Series = {Musiktherapie},
	Title = {Musiktherapie bei psychotischen Erkrankungen},
	Volume = {1}}

@book{decker-voigt_musik_1987,
	Author = {Decker-Voigt, Hans-Helmut and {Johannes Th. Eschen}},
	Date = {1987},
	Keywords = {Musik Psychotherapie, Musiktherapie, Psychorhythmie},
	Location = {Lilienthal},
	Publisher = {Eres},
	Shorttitle = {Musik und Kommunikation},
	Title = {Musik und Kommunikation: Hamburger Jahrbuch zur Musiktherapie und intermodalen Medientherapie}}

@book{decker-voigt_schulen_2001,
	Abstract = {Literaturangaben},
	Author = {Decker-Voigt, Hans-Helmut and Bach, Sabine},
	Date = {2001},
	Isbn = {978-3-497-01574-0},
	Keywords = {Musik Psychotherapie, Musiktherapie, Psychorhythmie, Music therapy, Musik Musiktherapie, Aufsatzsammlung [Formschlagwort], Beitr{\"a}ge [Formschlagwort], Einzelbeitr{\"a}ge [Formschlagwort], Essays [Formschlagwort], Festschrift [Formschlagwort], Kongress [Formschlagwort], Reader [Formschlagwort], Richtungen, Sammelwerk [Formschlagwort]},
	Location = {M{\"u}nchen},
	Pagetotal = {430},
	Publisher = {Reinhardt},
	Title = {Schulen der Musiktherapie}}

@book{lutz_hochreutener_spiel_2009,
	Abstract = {Literaturverz. S. 293 - 310},
	Author = {Lutz Hochreutener, Sandra},
	Date = {2009},
	Isbn = {978-3-8017-2198-5},
	Keywords = {Musik Psychotherapie, Musiktherapie, Psychorhythmie, Music therapy, Child, Childhood, Children, Jeunesse, Jugend, Jugend 12-20 Jahre, Jugendalter, Jugendliche, Jugendlicher, Jugendpsychotherapie, Jugendtherapie, Kind, Kind Psychotherapie, Kinder, Kinderpsychotherapie, Kindertherapie, Kindesalter, Kindheit, Kindschaft, Method, Methode, Methodik, Technik (Methode), Teenager, Verfahren (Methode), Youth},
	Location = {G{\"o}ttingen},
	Pagetotal = {315},
	Publisher = {Hogrefe},
	Series = {Praxis der Musiktherapie},
	Shorttitle = {Spiel - Musik - Therapie},
	Title = {Spiel - Musik - Therapie: Methoden der Musiktherapie mit Kindern und Jugendlichen},
	Volume = {Band 1}}

@book{kaufmann_gespurt_2014,
	Author = {Kaufmann, Judith},
	Date = {2014},
	Isbn = {978-3-95490-063-3},
	Keywords = {Musik Psychotherapie, Musiktherapie, Psychorhythmie, Abstinenzsyndrom, Babies, Baby, Entzugssyndrom, Fr{\"u}hchen, Fr{\"u}hgeborenes, Kind 0-1 Jahr, Psychische Traumatisierung, Psychisches Trauma, Psychotrauma, Risikoschwangerschaft, S{\"a}ugling, S{\"a}uglinge, Trauma Psychologie},
	Location = {Wiesbaden},
	Pagetotal = {297},
	Publisher = {Reichert},
	Series = {Zeitpunkt Musik},
	Shorttitle = {Gesp{\"u}rt - geh{\"o}rt - gebor(g)en},
	Title = {Gesp{\"u}rt - geh{\"o}rt - gebor(g)en: Musiktherapie mit risikoschwangeren Frauen, S{\"a}uglingen und Kleinkindern},
	Volume = {3}}

@book{delbaz_recherche_2016,
	Author = {Delbaz, David},
	Date = {2016-10},
	Publisher = {Odile Jacob},
	Series = {Science},
	Title = {A la recherche de l'Univers invisible Mati{\`e}re noire, {\'e}nergie noire, trous noirs}}

@book{sacks_homme_1992,
	Author = {Sacks, Oliver},
	Date = {1992},
	Isbn = {978-2-02-014630-2},
	Keywords = {Neuropsychiatrie, Personnes atteintes de l{\'e}sions c{\'e}r{\'e}brales},
	Location = {Paris},
	Number = {245},
	Pagetotal = {312},
	Publisher = {{\'E}d. du Seuil},
	Series = {Points},
	Shorttitle = {L'homme qui prenait sa femme pour un chapeau},
	Title = {L'homme qui prenait sa femme pour un chapeau : et autres r{\'e}cits cliniques},
	Translator = {La H{\'e}ronni{\`e}re, {\'E}dith de}}

@book{collectif_histoire_2018,
	Author = {{Collectif}},
	Date = {2018},
	Isbn = {978-2-7381-4513-0},
	Keywords = {Malades mentaux, Psychiatrie clinique},
	Pagetotal = {248},
	Publisher = {Editions Odile Jacob},
	Title = {Histoire de la folie avant la psychiatrie},
	Url = {https://www.amazon.com/Histoire-folie-avant-psychiatrie-Collectif/dp/2738145132?SubscriptionId=AKIAIOBINVZYXZQZ2U3A&tag=chimbori05-20&linkCode=xm2&camp=2025&creative=165953&creativeASIN=2738145132},
	Bdsk-Url-1 = {https://www.amazon.com/Histoire-folie-avant-psychiatrie-Collectif/dp/2738145132?SubscriptionId=AKIAIOBINVZYXZQZ2U3A&tag=chimbori05-20&linkCode=xm2&camp=2025&creative=165953&creativeASIN=2738145132}}

@book{hamel_decouvrir_2010,
	Author = {Hamel, Johanne and Labr{\`e}che, Jocelyne},
	Date = {2010},
	Isbn = {978-2-03-584287-9},
	Keywords = {Art-th{\'e}rapie},
	Location = {Paris},
	Pagetotal = {268},
	Publisher = {Larousse},
	Shorttitle = {D{\'e}couvrir l'art-th{\'e}rapie},
	Title = {D{\'e}couvrir l'art-th{\'e}rapie : des mots sur les maux, des couleurs sur les douleurs}}

@book{hegi_improvisation_1993,
	Author = {Hegi, Fritz},
	Date = {1993},
	Edition = {4. Aufl.},
	Isbn = {978-3-87387-270-7},
	Keywords = {Musik Psychotherapie, Musiktherapie, Psychorhythmie},
	Location = {Paderborn},
	Pagetotal = {318},
	Publisher = {Junfermann},
	Series = {Reihe Kunst, Therapie, Kreativit{\"a}t},
	Shorttitle = {Improvisation und Musiktherapie},
	Title = {Improvisation und Musiktherapie: M{\"o}glichkeiten und Wirkungen von freier Musik},
	Volume = {Band 4, Ed. 4}}

@book{sigrist_burnout_2016,
	Author = {Sigrist, Felicitas},
	Date = {2016},
	Isbn = {978-3-95490-199-9},
	Keywords = {Musik Psychotherapie, Musiktherapie, Psychorhythmie, (Produktform)Paperback / softback, Ausbrennen, Ausgebranntsein, Bew{\"a}ltigung, Bew{\"a}ltigungsstrategie, Bew{\"a}ltigungsverhalten, Burn-out-Syndrom, Burned-out-Syndrom, Burnout, Burnout syndrome, Burnout-Syndrom, Coping, Ersch{\"o}pfungssyndrom, Forschungsmethoden, Nerv{\"o}se Ersch{\"o}pfung, Problembew{\"a}ltigung, Psychische Bew{\"a}ltigung, Stress Bew{\"a}ltigung, Stressbew{\"a}ltigung},
	Location = {Wiesbaden},
	Publisher = {Reichert Verlag},
	Series = {Z{\"u}rcher Schriften zur Musiktherapie},
	Shorttitle = {Burnout und Musiktherapie},
	Title = {Burnout und Musiktherapie: Grundlagen, Forschungsstand und Praxeologie}}

@book{tomatis_klang_1987,
	Author = {Tomatis, Alfred},
	Date = {1987},
	Isbn = {978-3-499-18791-9},
	Keywords = {Diagnostik, pr{\"a}natale, Entwicklungspsychologie, Geburt, H{\"o}ren, Kommunikation, Pr{\"a}natale Entwicklung, Psychologie, Wahrnehmung, Diagnostik, pr{\"a}natale},
	Location = {Reinbek bei Hamburg},
	Pagetotal = {304},
	Publisher = {Rowohlt},
	Series = {rororo transformation},
	Shorttitle = {Der Klang des Lebens},
	Title = {Der Klang des Lebens: vorgeburtliche Kommunikation, die Anf{\"a}nge der seelischen Entwicklung}}

@inproceedings{stegemann_horen_2011,
	Author = {Stegemann, Thomas},
	Booktitle = {Hirnforschung und die Frage nach den Wirkungen von Musik.},
	Date = {2011},
	Editor = {{M{\"u}nster}},
	Title = {H{\"o}ren Musiktherapeuten anders? s{\'e}minaire 2017 {ZhdK}}}

@book{mantel_meditation_2006,
	Author = {Mantel, Jean-Marc and Kashtan, Brigitte},
	Date = {2006},
	Location = {Paris},
	Publisher = {A. Michel},
	Series = {Espaces libres},
	Title = {M{\'e}ditation et psychoth{\'e}rapie}}

@book{ameisen_sur_2013,
	Author = {Ameisen, Jean-Claude},
	Date = {2013},
	Editor = {lib{\`e}rent, Les liens qui},
	Title = {Sur les {\'e}paules de Darwin}}

@book{anzieu_les_2004,
	Author = {Anzieu, Didier and Chabert, Catherine},
	Date = {2004},
	Keywords = {Projection (psychologie), Techniques projectives},
	Location = {Paris},
	Publisher = {Presses universitaires de France},
	Series = {Quadrige},
	Title = {Les m{\'e}thodes projectives}}

@book{auriol_cle_1996,
	Author = {Auriol, Bernard},
	Date = {1996},
	Edition = {Er{\`e}s},
	Location = {Toulouse},
	Title = {La cl{\'e} des sons, {\'e}l{\'e}ments de psychosonique}}

@book{auriol_son_1996,
	Author = {Auriol, Bernard},
	Date = {1996},
	Edition = {Non Verbal},
	Title = {Le son au subjectif pr{\'e}sent}}

@online{auriol_stress_nodate,
	Author = {Auriol, Bernard},
	Title = {Stress Yoga et Psychosonique},
	Url = {http://auriol.free.fr/},
	Urldate = {2017-05-15},
	Bdsk-Url-1 = {http://auriol.free.fr/}}

@book{barenboim_musique_2008,
	Author = {Barenboim, Daniel},
	Date = {2008},
	Publisher = {Fayard},
	Title = {La musique {\'e}veille le temps}}

@inproceedings{bella_les_2012,
	Author = {Bella, Simone Dalla},
	Booktitle = {Movement to Health Laboratory},
	Date = {2012},
	Eventtitle = {{XII{\`e}me} Rencontre Cerveau-Esprit},
	Note = {event-place: Sion},
	Publisher = {{SUVA}},
	Title = {Les rythmes}}

@book{bencivelli_pourquoi_2009,
	Author = {Bencivelli, Silvia},
	Date = {2009},
	Edition = {Belin "Pour la science"},
	Location = {Paris},
	Title = {Pourquoi aime-t-on la musique? Oreille, {\'e}motion, {\'e}volution}}

@book{benenzon_musicotherapie._2004,
	Author = {Benenzon, Rolando Omar},
	Date = {2004},
	Location = {Bruxelles},
	Publisher = {De Boeck},
	Title = {La musicoth{\'e}rapie. La part oubli{\'e}e de la personnalit{\'e}}}

@book{bosseur_du_2005,
	Author = {Bosseur, Jean-Yves},
	Date = {2005},
	Location = {Paris},
	Publisher = {Alternatives},
	Title = {Du Son au Signe, Histoire de la notation musicale}}

@book{damasio_autre_2012,
	Author = {Damasio, Antonio},
	Date = {2012},
	Location = {Paris},
	Publisher = {Odile Jacob},
	Title = {L'autre moi-m{\^e}me, les nouvelles cartes du cerveau, de la conscience et des {\'e}motions}}

@book{noauthor_dire_2000,
	Date = {2000},
	Keywords = {Chant, Voix, Musique vocale},
	Location = {Paris Montr{\'e}al (Qu{\'e}bec)},
	Publisher = {l'Harmattan},
	Series = {Collection Univers musical},
	Shorttitle = {Dire la voix},
	Title = {Dire la voix : approche transversale des ph{\'e}nom{\`e}nes vocaux}}

@online{fritz_stradivarius_nodate,
	Abstract = {Claudia Fritz, chercheuse en acoustique, a conduit en 2012 {\`a} Paris et en 2013 {\`a} New York des exp{\'e}riences originales visant {\`a} comparer la qualit{\'e} des Stradivarius {\`a} celle des violons neufs. Les r{\'e}sultats de la premi{\`e}re exp{\'e}rience viennent d'{\^e}},
	Author = {Fritz, Claudia},
	Shorttitle = {Stradivarius},
	Title = {Stradivarius : la fin d'un mythe ?},
	Url = {https://lejournal.cnrs.fr/diaporamas/stradivarius-la-fin-dun-mythe},
	Bdsk-Url-1 = {https://lejournal.cnrs.fr/diaporamas/stradivarius-la-fin-dun-mythe}}

@online{kaestele_about_nodate,
	Author = {Kaestele, Gina},
	Title = {About Guided Imagery and Music ({GIM})},
	Url = {http://www.gim-trainings.com/about.html},
	Urldate = {2018-06-14},
	Bdsk-Url-1 = {http://www.gim-trainings.com/about.html}}

@book{hachette_dictionnaire_2012,
	Author = {{Hachette}},
	Date = {2012},
	Keywords = {Fran{\c c}ais (langue)},
	Location = {Paris},
	Publisher = {Hachette {\'e}ducation},
	Shorttitle = {Dictionnaire Hachette de la langue fran{\c c}aise, mini},
	Title = {Dictionnaire Hachette de la langue fran{\c c}aise, mini : 35000 mots}}

@book{harrisson_autisme_2017,
	Abstract = {Cet ouvrage propose une description unique du {TSA} (trouble du spectre de l'autisme) en soulignant qu'un cerveau autiste est diff{\'e}rent d'un cerveau neurotypique, qu'il est connect{\'e} autrement et qu'il ne traite pas les informations de la m{\^e}me mani{\`e}re. Sous forme de questions et r{\'e}ponses, l'explication d'une cinquantaine de notions en lien avec le d{\'e}veloppement de l'autiste. Des conseils s'appuyant sur une compr{\'e}hension nouvelle du {TSA}, qui trouve de plus en plus {\'e}cho chez les professionnels. Des anecdotes tir{\'e}es de la vie de Brigitte Harrisson, autiste, et de celle de l'{\'e}crivaine Kim Th{\'u}y, m{\`e}re d'un fils autiste},
	Author = {Harrisson, Brigitte and St-Charles, Lise},
	Date = {2017},
	Keywords = {Autisme},
	Location = {Montr{\'e}al},
	Publisher = {{\'E}ditions du Tr{\'e}carr{\'e}},
	Title = {L'autisme expliqu{\'e} aux non-autistes}}

@online{metronews_et_nodate,
	Abstract = {\#{SANT{\'E}}: {D{\'E}PISTAGE} Des ing{\'e}nieurs ont d{\'e}tect{\'e} des marqueurs de la d{\'e}pression dans l'empreinte vocale des malades. Ils pr{\'e}voient de cr{\'e}er une application pour smartphone qui poserait le diagnostic de ce trouble mental.},
	Author = {Metronews, Le service},
	Title = {Et si on diagnostiquait la d{\'e}pression avec un test vocal sur smartphone ?},
	Url = {https://www.lci.fr/sante/et-si-on-diagnostiquait-la-depression-avec-un-test-vocal-sur-smartphone-1562728.html},
	Urldate = {2018-06-30},
	Bdsk-Url-1 = {https://www.lci.fr/sante/et-si-on-diagnostiquait-la-depression-avec-un-test-vocal-sur-smartphone-1562728.html}}

@book{lecourt_decouvrir_2005,
	Abstract = {Utilis{\'e}e depuis l'Antiquit{\'e} pour ses vertus apaisantes ou curatives, la musique constitue aujourd'hui pour les psychoth{\'e}rapeutes un support privil{\'e}gi{\'e} et efficace. Ce livre vous invite {\`a} vous familiariser avec la musicoth{\'e}rapie, de ses fondements historiques et th{\'e}oriques {\`a} ses diff{\'e}rentes applications. Tests, exemples et exercices {\`a} l'appui, vous pourrez ainsi comprendre et exp{\'e}rimenter ses bienfaits. Complet, document{\'e} et pratique, ce guide de r{\'e}f{\'e}rence est une parfaite introduction {\`a} la musicoth{\'e}rapie.},
	Author = {Lecourt, Edith},
	Date = {2005},
	Location = {Paris},
	Publisher = {Editions d'Organisation},
	Title = {D{\'e}couvrir la musicoth{\'e}rapie}}
	
@book{dicpetitrobert,
	Author = {Petit Robert},
	Date = {2005},
	Location = {Paris},
	Publisher = {Editions Robert Laffont},
	Title = {Dictionnaire de la langue francaise}}

@online{herzberg_stradivarius_2014,
	Author = {Herzberg, Nathaniel},
	Date = {2014},
	Title = {Le stradivarius d{\'e}tr{\^o}n{\'e} par les violons modernes @{ONLINE}},
	Url = {https://www.lemonde.fr/culture/article/2014/04/10/le-stradivarius-detrone-par-les-violons-modernes_4398681_3246.html},
	Bdsk-Url-1 = {https://www.lemonde.fr/culture/article/2014/04/10/le-stradivarius-detrone-par-les-violons-modernes_4398681_3246.html}}

@book{marieb_biologie_2008,
	Author = {Marieb, Elaine N.},
	Date = {2008},
	Edition = {8e {\'e}d},
	Keywords = {Anatomie humaine, Physiologie humaine},
	Location = {Paris},
	Publisher = {Pearson education},
	Shorttitle = {Biologie humaine},
	Title = {Biologie humaine : principes d'anatomie et de physiologie}}

@book{nevjinsky_adolescence_1996,
	Author = {Nevjinsky, Fern},
	Date = {1996},
	Location = {Mont-Saint-Aignan},
	Publisher = {Presses universitaires de Rouen et du Havre},
	Title = {Adolescence, musique, Rorschach}}

@incollection{richelle_musique_nodate,
	Author = {Richelle, {Pr{\'e}nomInconnu}?},
	Booktitle = {Le cerveau m{\'e}lomane},
	Publisher = {Belin},
	Title = {La musique comme outil de stimulation cognitive}}

@book{noauthor_histoire_1981,
	Date = {1981},
	Edition = {Nouvelle {\'e}d},
	Keywords = {Musique},
	Location = {Paris},
	Publisher = {Gallimard},
	Title = {Histoire de la musique}}

@book{roque_lecoute_2007,
	Author = {Roque, Patrick Dumas de la},
	Date = {2007},
	Location = {Gen{\`e}ve-Bernex Saint-Julien-en-Genevois},
	Publisher = {Jouvence},
	Title = {L'{\'e}coute, c'est la vie : introduction {\`a} la m{\'e}thode Tomatis}}

@inproceedings{sandre_environnement_2012,
	Author = {Sandre, Dominique},
	Date = {2012},
	Eventtitle = {Titre du congr{\`e}s?},
	Note = {event-place: Dijon},
	Title = {Environnement sensoriel du b{\'e}b{\'e} dans un contexte hospitalier}}

@book{schaeffner_histoire_1960,
	Author = {Schaeffner, Andr{\'e} and {others}},
	Date = {1960},
	Editor = {{Roland-Manuel}},
	Keywords = {Musique, [Musique pour orgue], Airs de cour, Bach, Ballet de cour, Cantate. Italie, Carissimi, Chanson. France. 15e-16e si{\`e}cle, Chansons, Chansons polyphoniques fran{\c c}aises, Chant gallican, Chant gr{\'e}gorien jusqu'au 9e si{\`e}cle, Chant vieux, Chants gr{\'e}goriens, Chorals. Allemagne. 16e si{\`e}cle, Claudio ( 1567-1643 ), Clavecin (musique). France. 17e-18e si{\`e}cle, Couperin, Danse jusqu'au 15e si{\`e}cle, Eur (Chine), Ex, Ex-Eur (Japon), Ex. Eur (Inde), Folklore, Folklore arabe, Folklore. Afrique noire, Fran{\c c}ois ( 1668-1733 ), Frottole (musique), Georg Friedrich ( 1685-1759 ), Giacomo ( 1605-1674 ), Giovanni Pierluigi da ( 1525?-1594 ), H{\"a}ndel, Heinrich ( 1585-1672 ), Henry ( 1659-1695 ), Histoire. 14e-15e si{\`e}cle, Instrument de musique, Italie. Histoire. 13e-15e si{\`e}cle, Jean-Baptiste ( 1632-1687 ), Jean-Philippe ( 1683-1764 ), Johann Sebastian ( 1685-1750 ), Johannes ( 14..-1497 ), Josquin Des Pr{\'e}s ( 145.-1521 ), Liturgie protestante. Allemagne. 16e si{\`e}cle, Liturgie protestante. France. 16e si{\`e}cle, Lully, Luth (musique). 16e si{\`e}cle, Luth (musique). France. 17e si{\`e}cle, Madrigaux (musique) italiens, Magie, Messe. 16e si{\`e}cle, Messe. Italie. 16e si{\`e}cle, Monteverdi, Motets, Mus. Instr. Allemagne . 1600-1750, Mus. instr. Angleterre. 1600-1750, Mus. Instr. France. 17e si{\`e}cle, Musique arabe, Musique byzantine, Musique Chine, Musique instrum. 17e-18e si{\`e}cle, Musique instrumentale jusqu'au 15e si{\`e}cle, Musique instrumentale. 16e si{\`e}cle, Musique juive, Musique M{\'e}sopotamie, Musique primitive, Musique relig. France. 1600-1750, Musique religieuse. 15e si{\`e}cle, Musique religieuse. Allemagne. 1600-1750, Musique traditionnelle. Turquie, Musique. Histoire. 15e-16e si{\`e}cle, Mythe, Naples. Histoire jusqu'{\`a} 1750, Notation mensuraliste, Notation musicale, Ockeghem, Op{\'e}ra. Allemagne. 1600-1750, Op{\'e}ra. Angleterre. 1600-1750, Op{\'e}ra. France. 1687-1733, Op{\'e}ra. Italie. 17e si{\`e}cle, Op{\'e}ra. Naples jusqu'{\`a} 1750, Oratorio. 17e si{\`e}cle, Oratorio. Italie jusqu'au 17e si{\`e}cle, Orgue (musique). 16e si{\`e}cle, Orgue (musique). France. 16e-18e si{\`e}cle, Palestrina, Pays-Bas. Histoire. 17e-18e si{\`e}cle, Perse. Histoire, Primitif. Instrument de musique, Psaume protestant. France. 16e si{\`e}cle, Purcell, Rameau, Romain, Rome. Histoire. Antiquit{\'e}, Sch{\"u}tz, Symbole, Tablature, Th{\'e}{\^a}tre. Italie. 16e si{\`e}cle, Turquie. Histoire},
	Location = {Paris},
	Number = {9},
	Publisher = {Gallimard},
	Series = {Encyclop{\'e}die de la Pl{\'e}iade},
	Shorttitle = {Histoire de la musique , I},
	Title = {Histoire de la musique , I : Des origines {\`a} Jean-S{\'e}bastien Bach}}

@book{seron_neuropsychologie_1998,
	Abstract = {Ce volumineux ouvrage est un v{\'e}ritable Trait{\'e} qui pr{\'e}sente de mani{\`e}re critique et didactique les grands domaines de la recherche en neuropsychologie, domaines situ{\'e}s au carrefour des neurosciences et des sciences cognitives. Ainsi, d'un c{\^o}t{\'e}, la Neuropsychologie Humaine introduit aux recherches actuelles sur les bases neurochimiques et neurophysiologiques des comportements et des processus mentaux, d{\'e}crit l'ontogen{\`e}se des fonctions c{\'e}r{\'e}brales et les m{\'e}canismes de la s{\'e}nescence. L'ouvrage traite aussi des grands syndromes cliniques (aphasie, d{\'e}mence d'Alzheimer, etc.) et de l'apport des nouvelles techniques de l'imagerie m{\'e}dicale. Il retrace enfin les grandes {\'e}tapes de l'histoire des localisations c{\'e}r{\'e}brales et de la sp{\'e}cialisation des h{\'e}misph{\`e}res c{\'e}r{\'e}braux. D'un autre c{\^o}t{\'e}, l'ouvrage prend appui sur les cadres th{\'e}oriques de la psychologie cognitive, pour examiner en profondeur les troubles du langage, du calcul, de la m{\'e}moire, de l'attention, des m{\'e}canismes perceptifs, des gestes et des processus de contr{\^o}le de l'action. Il documente en d{\'e}tail les apports du courant cognitif {\`a} la compr{\'e}hension des troubles. L'ouvrage indique enfin quels sont les grands axes de la recherche contemporaine dans le domaine de la r{\'e}habilitation fonctionnelle. Edit{\'e} sous la direction de Xavier Seron (Louvain) et de Marc Jeannerod (Lyon), ce livre a {\'e}t{\'e} {\'e}crit par une quarantaine de chercheurs et enseignants francophones, sp{\'e}cialistes issus de diff{\'e}rentes disciplines (neurochimie, neuroanatomie, neurologie, neurophysiologie, psychologie, logop{\'e}die, linguistique...), la plupart pratiquant la neuropsychologie dans ses dimensions cliniques ou exp{\'e}rimentales. Destin{\'e} aux {\'e}tudiants de psychologie, de neurologie, de neurophysiologie, de logop{\'e}die et de m{\'e}decine physique, cet ouvrage devrait aussi int{\'e}resser l'ensemble des chercheurs relevant des sciences cognitives (linguistique, intelligence artificielle, psychologie cognitive,...) et des neurosciences (neurochimie, neurophysiologie, neuroradiologie,...). Les dimensions cliniques de l'ouvrage font qu'il s'adresse {\'e}galement aux cliniciens de ces disciplines, qu'ils soient concern{\'e}s par le diagnostic ou la r{\'e}habilitation fonctionnelle dans ses dimensions cognitives, motrices et linguistiques. Richement illustr{\'e}, ce Trait{\'e} constitue en outre un texte de r{\'e}f{\'e}rence pour l'enseignement de la neuropsychologie dans le premier et le deuxi{\`e}me cycle de l'enseignement sup{\'e}rieur.},
	Author = {Seron, Xavier and Baron, Jean-Claude and Jeannerod, Marc},
	Date = {1998},
	Location = {Sprimont, Belgique},
	Publisher = {Editions Mardaga},
	Title = {Neuropsychologie humaine}}

@online{asmt_quest-ce_nodate,
	Author = {{ASMT}, Association Professionnelle Suisse Musicoth{\'e}rapie de},
	Title = {Qu'est-ce que la musicoth{\'e}rapie ? {SFMT} / {ASMT}},
	Url = {http://www.musictherapy.ch/fr/musicotherapie/quest-ce-que-la-musicotherapie/},
	Urldate = {2018-06-20},
	Bdsk-Url-1 = {http://www.musictherapy.ch/fr/musicotherapie/quest-ce-que-la-musicotherapie/}}

@online{tomatis.com_tomatis_nodate,
	Author = {{Tomatis.com}},
	Title = {Tomatis Method, auditory stimulation program for improving brain functions},
	Url = {https://www.tomatis.com/en},
	Urldate = {2018-06-29},
	Bdsk-Url-1 = {https://www.tomatis.com/en}}

@book{tomatis_education_1972,
	Author = {Tomatis, Alfred},
	Date = {1972},
	Location = {Paris},
	Publisher = {Les Editions E.S.F.},
	Title = {Education et Dyslexie.}}

@book{tomatis_oreille_1987,
	Author = {Tomatis, Alfred},
	Date = {1987},
	Location = {Paris},
	Publisher = {Robert Laffont},
	Title = {L'oreille et la voix}}

@book{tomatis_communication_1988,
	Author = {Tomatis, Alfred},
	Date = {1988},
	Edition = {5e {\'e}d},
	Keywords = {{\'E}coute (psychologie), Complexe d'Oedipe, Embryologie du comportement, Influences pr{\'e}natales, Langage, M{\`e}res et enfants},
	Location = {Paris},
	Publisher = {Les Editions E.S.F.},
	Series = {Science de l'{\'e}ducation},
	Shorttitle = {De la communication intra-ut{\'e}rine au langage humain},
	Title = {De la communication intra-ut{\'e}rine au langage humain : la lib{\'e}ration d'{\O}Edipe}}

@book{tomatis_correction_1953,
	Author = {Tomatis, Alfred},
	Date = {1953},
	Keywords = {Phoniatrie},
	Location = {Paris},
	Publisher = {Facult{\'e} de m{\'e}decine},
	Shorttitle = {La Correction de la voix chant{\'e}e},
	Title = {La Correction de la voix chant{\'e}e : Facult{\'e} de m{\'e}decine de Paris... cours international de phonologie et de phoniatrie... 6 mars 1953}}

@book{tomatis_ecouter_1996,
	Author = {Tomatis, Alfred},
	Date = {1996},
	Keywords = {Son},
	Location = {Paris},
	Publisher = {R. Laffont},
	Series = {R{\'e}ponses},
	Shorttitle = {{\'E}couter l'univers},
	Title = {{\'E}couter l'univers : du Big bang {\`a} Mozart {\`a} la d{\'e}couverte de l'univers o{\`u} tout est son}}

@book{tomatis_les_1991,
	Author = {Tomatis, Alfred},
	Date = {1991},
	Keywords = {Audiophonologie, Dyslexie, {\'E}chec scolaire},
	Location = {Paris},
	Publisher = {{\'E}d. de la Seine},
	Series = {Succ{\`e}s du livre},
	Title = {Les troubles scolaires}}

@book{tomatis_liberation_1972,
	Author = {Tomatis, Alfred},
	Date = {1972},
	Location = {Paris},
	Publisher = {Les Editions E.S.F.},
	Series = {Collection Science de l'{\'e}ducation},
	Title = {La Lib{\'e}ration d'{\O}Edipe ou De la communication intra-ut{\'e}rine au langage humain}}

@online{lane_methode_1991,
	Author = {Lane, Pierre},
	Date = {1991},
	Title = {M{\'e}thode Tomatis - {\'E}mission Envoy{\'e} sp{\'e}cial},
	Url = {https://www.youtube.com/watch?v=M5bBizPffwM},
	Urldate = {2018-06-28},
	Bdsk-Url-1 = {https://www.youtube.com/watch?v=M5bBizPffwM}}

@book{tomatis_neuf_1989,
	Author = {Tomatis, Alfred and Sellin, Lo{\"\i}c},
	Date = {1989},
	Keywords = {Audiophonologie, Embryologie du comportement, Influences pr{\'e}natales},
	Location = {Paris},
	Publisher = {Ergo press},
	Title = {Neuf mois au paradis}}

@book{tomatis_nous_1991,
	Author = {Tomatis, Alfred},
	Date = {1991},
	Keywords = {Audiophonologie, {\'E}coute (psychologie), Langues},
	Location = {Paris},
	Publisher = {Fixot},
	Shorttitle = {Nous sommes tous n{\'e}s polyglottes},
	Title = {Nous sommes tous n{\'e}s polyglottes : essai}}

@book{tomatis_oreille_1953,
	Author = {Tomatis, Alfred},
	Date = {1953},
	Keywords = {Oreille, Surdit{\'e}},
	Location = {S.l.},
	Number = {2},
	Publisher = {s.n.},
	Title = {L'Oreille musicale}}

@book{tomatis_oreille_1991,
	Author = {Tomatis, Alfred},
	Date = {1991},
	Keywords = {Audiophonologie, {\'E}coute (psychologie), Psycholinguistique},
	Location = {Paris},
	Publisher = {Ed. du Seuil},
	Title = {L'Oreille et le langage}}

@book{tomatis_oreille_1998,
	Author = {Tomatis, Alfred},
	Date = {1998},
	Keywords = {Audiophonologie, {\'E}coute (psychologie)},
	Location = {Paris},
	Publisher = {le Grand livre du mois},
	Title = {L'oreille et la vie}}

@book{tomatis_pourquoi_1993,
	Author = {Tomatis, Alfred},
	Date = {1993},
	Editor = {fran{\c c}aise, Librairie g{\'e}n{\'e}rale},
	Keywords = {Audiophonologie, Mozart, Wolfgang Amadeus ( 1756-1791 )},
	Location = {Paris},
	Number = {8124},
	Publisher = {Librairie g{\'e}n{\'e}rale fran{\c c}aise},
	Series = {Le livre de poche},
	Shorttitle = {Pourquoi Mozart ?},
	Title = {Pourquoi Mozart ? : essai}}

@book{tomatis_quest-ce_1986,
	Author = {Tomatis, Alfred},
	Date = {1986},
	Edition = {3e {\'e}d},
	Keywords = {{\'E}coute (psychologie), Oreille},
	Location = {Paris},
	Publisher = {{ESF}},
	Series = {Vers l'{\'e}coute humaine , 1; Collection Science de l'{\'e}ducation},
	Title = {Qu'est-ce que l'{\'e}coute humaine ?}}

@book{tomatis_resonance_1963,
	Author = {Tomatis, Alfred},
	Date = {1963},
	Keywords = {Physiologie, R{\'e}sonance},
	Location = {S.l.},
	Publisher = {s.n.},
	Title = {La R{\'e}sonance dans les {\'e}chelles musicales. Le point de vue des physiologistes}}

@book{tomatis_surdite_1975,
	Author = {Tomatis, Alfred},
	Date = {1975},
	Location = {Paris},
	Pagetotal = {31},
	Publisher = {{SODITAP}},
	Title = {La Surdit{\'e}}}

@book{tomatis_vers_1986,
	Author = {Tomatis, Alfred},
	Date = {1986},
	Edition = {3e {\'e}d},
	Keywords = {{\'E}coute (psychologie), Oreille},
	Location = {Paris},
	Publisher = {Les Editions E.S.F.},
	Series = {Collection Science de l'{\'e}ducation},
	Title = {Vers l'{\'e}coute humaine}}

@book{tomatis_vertiges_1989,
	Author = {Tomatis, Alfred},
	Date = {1989},
	Keywords = {Audiophonologie, Maladie de, M{\'e}ni{\`e}re},
	Location = {Neuilly-sur-Seine},
	Publisher = {Ergo press},
	Title = {Vertiges}}

@book{verdeau-pailles_bilan_1983,
	Author = {Verdeau-Paill{\`e}s, Jacqueline},
	Date = {1983},
	Edition = {2e {\'e}d. revue et corrig{\'e}e},
	Location = {Courlay},
	Publisher = {J.M. Fuzeau},
	Title = {Le Bilan psycho-musical et la personnalit{\'e}}}

@book{verlinde_experience_1998,
	Author = {Verlinde, Joseph-Marie},
	Date = {1998},
	Location = {Versailles},
	Publisher = {{\'E}d. Saint-Paul},
	Title = {L'exp{\'e}rience interdite : de l'ashram au monast{\`e}re}}

@book{viret_b..-ba_2007,
	Author = {Viret, Jacques},
	Date = {2007},
	Edition = {Pard{\`e}s},
	Editor = {{Pard{\`e}s}},
	Location = {Grez-sur-Loing},
	Title = {B.A.-{BA} de la musicoth{\'e}rapie}}

@book{viret_musicotherapie_2007,
	Author = {Viret, Jacques},
	Date = {2007},
	Keywords = {Musicoth{\'e}rapie},
	Location = {Grez-sur-Loing},
	Publisher = {Pard{\`e}s},
	Title = {Musicoth{\'e}rapie}}

@book{anzieu_groupe_1999,
	Author = {Anzieu, Didier},
	Date = {1999},
	Location = {Paris},
	Publisher = {Dunod},
	Title = {Le groupe et l'inconscient : l'imaginaire groupal}}

@inreference{noauthor_decibel_2018,
	Booktitle = {Wikip{\'e}dia},
	Date = {2018-03-15},
	Title = {D{\'e}cibel},
	Url = {https://fr.wikipedia.org/w/index.php?title=D%C3%A9cibel&oldid=146471984},
	Urldate = {2018-07-04},
	Bdsk-Url-1 = {https://fr.wikipedia.org/w/index.php?title=D%C3%A9cibel&oldid=146471984}}

@article{platel_neuropsychology_2002,
	Author = {Platel, Herv{\'e}},
	Date = {2002-02-01},
	Doi = {10.1093/brain/awf078},
	Issn = {1460-2156, 0006-8950},
	Journaltitle = {Brain},
	Number = {2},
	Pages = {223--224},
	Shorttitle = {Neuropsychology of musical perception},
	Title = {Neuropsychology of musical perception: new perspectives},
	Url = {https://academic.oup.com/brain/article-lookup/doi/10.1093/brain/awf078},
	Urldate = {2018-07-04},
	Volume = {125},
	Bdsk-Url-1 = {https://academic.oup.com/brain/article-lookup/doi/10.1093/brain/awf078},
	Bdsk-Url-2 = {https://doi.org/10.1093/brain/awf078}}

@book{cohen_comment_nodate,
	Author = {Cohen, Laurent},
	Isbn = {978-2-7381-3614-5},
	Keywords = {Cerveau, Neurosciences},
	Pagetotal = {331},
	Shorttitle = {Comment lire avec les oreilles},
	Title = {Comment lire avec les oreilles : et 40 autres histoires sur le cerveau de l'homme}}

@book{dumas_de_la_roque_lecoute_2007,
	Author = {Dumas de La Roque, Patrick},
	Date = {2007},
	Isbn = {978-2-88353-567-1},
	Keywords = {Audiophonologie, {\'E}coute (psychologie), Ou{\"\i}e},
	Location = {Gen{\`e}ve-Bernex Saint-Julien-en-Genevois},
	Pagetotal = {158},
	Publisher = {Jouvence {\'e}d},
	Series = {Trois fontaines},
	Shorttitle = {L'{\'e}coute, c'est la vie},
	Title = {L'{\'e}coute, c'est la vie : introduction {\`a} la m{\'e}thode Tomatis}}

@book{frith_comment_2010,
	Author = {Frith, Christopher D.},
	Date = {2010},
	Isbn = {978-2-7381-2452-4},
	Keywords = {Cerveau, Esprit et cerveau},
	Location = {Paris},
	Pagetotal = {306},
	Publisher = {O. Jacob},
	Title = {Comment le cerveau cr{\'e}e notre univers mental},
	Translator = {Pessiglione, Mathias}}

@book{haugmard_abc_2010,
	Author = {Haugmard, Isabelle},
	Date = {2010},
	Isbn = {978-2-7339-1105-1},
	Keywords = {Musicoth{\'e}rapie, Son},
	Location = {Paris},
	Pagetotal = {183},
	Publisher = {Grancher},
	Series = {{ABC}},
	Title = {{ABC} de la th{\'e}rapie par les sons}}

@book{bigand_cerveau_2013,
	Author = {Bigand, Emmanuel},
	Date = {2013},
	File = {Le cerveau m\{'e\}lomane - Emmanuel Bigand - Payot:/Users/valeriegaillard/Zotero/storage/4NYD32R9/le_cerveau_melomane-emmanuel_bigand___collectif-9782842451189.html:text/html},
	Keywords = {Musique, Musicoth{\'e}rapie},
	Location = {Paris},
	Publisher = {Pour la science},
	Series = {Cerveau \& psycho},
	Title = {Le cerveau m{\'e}lomane},
	Url = {https://www.payot.ch/Detail/le_cerveau_melomane-emmanuel_bigand___collectif-9782842451189},
	Urldate = {2019-01-26},
	Bdsk-Url-1 = {https://www.payot.ch/Detail/le_cerveau_melomane-emmanuel_bigand___collectif-9782842451189}}

@article{affectiveDisorders,
	Author = {St{\'e}phanie Aubert-Khalfa},
	Date-Added = {2019-12-15 17:56:07 +0000},
	Date-Modified = {2019-12-15 18:02:00 +0000},
	Journal = {Journal of Affective disorders},
	Month = {4},
	Number = {127},
	Pages = {169-176},
	Rating = {1},
	Title = {Pure-tone auditory thresholds are decreased in depres- sed people with post-traumatic stress disorder},
	Year = {2010},
	Abstract ={Emmanuelle Reynaud, Myriam El Khoury, Olivier Blin, Jean-Pierre GranierTOMATIS DEVELOPPEMENT S.A. Eva-Maria Grosse; Jean-Claude Samuelian - P√¥le Psychiatrie Centre, La Conception Hospital}}
