@webpage{etymologieWeb,
	Date-Added = {2019-12-28 09:19:21 +0000},
	Date-Modified = {2019-12-28 13:31:44 +0000},
	Lastchecked = {2019-12-28},
	Month = {12},
	Url = {https://sites.google.com/site/etymologielatingrec/home/o/ouier},
	Year = {2019}}

@book{colin2015,
	Author = {Didier Colin},
	Date-Added = {2019-12-28 09:08:41 +0000},
	Date-Modified = {2019-12-28 13:22:33 +0000},
	Edition = {Hachette Livre (Hachette Pratique)},
	Title = {Interpr{\'e}tez vos r{\^e}ves},
	Year = {2015}}

@book{Freud,
	Author = {Sigmund Freud},
	Date-Added = {2019-12-27 17:59:13 +0000},
	Date-Modified = {2019-12-28 13:24:15 +0000},
	Editor = {Petite Biblio Payot},
	Publisher = {Poche},
	Title = {Psychologie de la vie quotidienne},
	Volume = {Tome 11},
	Year = {1904}}

@book{roustang1986,
	Author = {Fran{\c c}ois Roustang},
	Date-Added = {2019-12-27 16:20:38 +0000},
	Date-Modified = {2019-12-28 13:23:18 +0000},
	Edition = {Petite Biblioth{\`e}que Payot},
	Editor = {Minuit},
	Publisher = {Payot },
	Title = {Lacan, de l'{\'e}quivoque {\`a} l'impasse},
	Year = {1986}}
