@conference{seminar_zuerich,
	Author = {Thomas Stegemann},
	Booktitle = {Hirnforschung und die Frage nach den Wirkungen von Musik.},
	Date-Added = {2019-02-07 18:22:26 +0000},
	Date-Modified = {2019-02-08 10:07:15 +0000},
	Editor = {M{\"u}nster},
	Title = {H{\"o}ren Musiktherapeuten anders? s{\'e}minaire 2017 ZhdK},
	Year = {2011}}

@book{:meditation,
	Address = {Paris},
	Author = {Jean-Marc Mantel and Brigitte Kashtan},
	Collaborator = {Mantel, Jean-Marc},
	Publisher = {A. Michel},
	Series = {Espaces libres},
	Title = {M{\'e}ditation et psychoth{\'e}rapie},
	Year = 2006}

@book{ameisen:sur,
	Author = {Jean-Claude Ameisen},
	Editor = {Les liens qui lib{\`e}rent},
	Maintitle = {Sur les {\'e}paules de Darwin},
	Subtitle = {Les battements du temps},
	Timestamp = {22-04-2017},
	Title = {Sur les {\'e}paules de Darwin},
	Year = 2013}

@book{anzieu.chabert:methodes,
	Address = {Paris},
	Author = {Didier Anzieu and Catherine Chabert},
	Keywords = {Projection (psychologie), Techniques projectives},
	Language = {fre},
	Publisher = {Presses universitaires de France},
	Series = {Quadrige},
	Title = {Les m{\'e}thodes projectives},
	Year = 2004}

@book{auriol:cle,
	Address = {Toulouse},
	Author = {Bernard Auriol},
	Edition = {Er{\`e}s},
	Timestamp = {22-04-2017},
	Title = {La cl{\'e} des sons, {\'e}l{\'e}ments de psychosonique},
	Year = 1996}

@book{auriol:son,
	Author = {Bernard Auriol},
	Edition = {Non Verbal},
	Title = {Le son au subjectif pr{\'e}sent},
	Year = 1996}

@online{auriol_stress,
	Author = {Bernard Auriol},
	File = {Stress Yoga et Psychosonique:/home/golivier/Zotero/storage/AJFV3PKX/auriol.free.fr.html:text/html},
	Title = {Stress Yoga et Psychosonique},
	Url = {http://auriol.free.fr/},
	Urldate = {2017-05-15},
	Bdsk-Url-1 = {http://auriol.free.fr/}}

@book{barenboim:musique,
	Author = {Daniel Barenboim},
	Publisher = {Fayard},
	Timestamp = {22-04-2017},
	Title = {La musique {\'e}veille le temps},
	Year = 2008}

@conference{bella:rythmes,
	Author = {Simone Dalla Bella},
	Booktitle = {Movement to Health Laboratory},
	Eventtitle = {XII{\`e}me Rencontre Cerveau-Esprit},
	Location = {Sion},
	Organization = {SUVA},
	Timestamp = {22-04-2017},
	Title = {Les rythmes},
	Year = 2012}

@book{bencivelli:pourquoi,
	Author = {Silvia Bencivelli},
	Edition = {Belin "Pour la science"},
	Location = {Paris},
	Timestamp = {22-04-2017},
	Title = {Pourquoi aime-t-on la musique? Oreille, {\'e}motion, {\'e}volution},
	Year = 2009}

@book{benenzon:musicotherapie,
	Author = {Rolando Omar Benenzon},
	Location = {Bruxelles},
	Publisher = {De Boeck},
	Title = {La musicoth{\'e}rapie. La part oubli{\'e}e de la personnalit{\'e}},
	Year = 2004}

@book{bigand:cerveau,
	Address = {Paris},
	Author = {Emmanuel Bigand},
	Collaborator = {Bigand, Emmanuel},
	Keywords = {Musicoth{\'e}rapie, Musique},
	Publisher = {Pour la science},
	Series = {Cerveau \& psycho},
	Title = {Le cerveau m{\'e}lomane},
	Year = 2013}

@book{bihan:cerveau,
	Author = {Denis le Bihan},
	Edition = {Odile Jacob},
	Location = {Paris},
	Title = {Le cerveau de cristal, ce que nous r{\'e}v{\`e}le la neuro-imagerie},
	Year = 2012}

@book{bosseur:du,
	Address = {Paris},
	Author = {Jean-Yves Bosseur},
	Publisher = {Alternatives},
	Timestamp = {22-04-2017},
	Title = {Du Son au Signe, Histoire de la notation musicale},
	Year = 2005}

@book{damasio:lautre,
	Author = {Antonio Damasio},
	Location = {Paris},
	Publisher = {Odile Jacob},
	Title = {L'autre moi-m{\^e}me, les nouvelles cartes du cerveau, de la conscience et des {\'e}motions},
	Year = 2012}

@book{deniot_dire_2000,
	Editora = {Deniot, Jo{\"e}lle-Andr{\'e}e and Dutheil Pessin, Catherine and Vrait, Fran{\c c}ois-Xavier},
	Editoratype = {collaborator},
	Keywords = {Chant, Musique vocale, Voix},
	Location = {Paris Montr{\'e}al (Qu{\'e}bec)},
	Publisher = {l'Harmattan},
	Series = {Collection Univers musical},
	Shorttitle = {Dire la voix},
	Title = {Dire la voix : approche transversale des ph{\'e}nom{\`e}nes vocaux},
	Year = 2000}

@online{fritz_stradivarius,
	Abstract = {Claudia Fritz, chercheuse en acoustique, a conduit en
                   2012 {\`a} Paris et en 2013 {\`a} New York des
                   exp{\'e}riences originales visant {\`a} comparer la
                   qualit{\'e} des Stradivarius {\`a} celle des violons
                   neufs. Les r{\'e}sultats de la premi{\`e}re
                   exp{\'e}rience viennent d'{\^e}},
	Author = {Claudia Fritz},
	Shorttitle = {Stradivarius},
	Title = {Stradivarius : la fin d'un mythe ?},
	Url = {https://lejournal.cnrs.fr/diaporamas/stradivarius-la-fin-dun-mythe},
	Bdsk-Url-1 = {https://lejournal.cnrs.fr/diaporamas/stradivarius-la-fin-dun-mythe}}

@online{gim_site,
	Author = {Gina Kaestele},
	File = {About Guided Imagery and Music (GIM):/home/golivier/Zotero/storage/84X8TE8M/about.html:text/html},
	Title = {About Guided Imagery and Music ({GIM})},
	Url = {http://www.gim-trainings.com/about.html},
	Urldate = {2018-06-14},
	Bdsk-Url-1 = {http://www.gim-trainings.com/about.html}}

@book{hachette:dictionnaire,
	Author = {Hachette},
	Keywords = {Fran{\c c}ais (langue)},
	Location = {Paris},
	Publisher = {Hachette {\'e}ducation},
	Shorttitle = {Dictionnaire {Hachette} de la langue fran{\c c}aise, mini},
	Title = {Dictionnaire Hachette de la langue fran{\c c}aise, mini : 35000 mots},
	Year = 2012}

@book{harrisson.st-charles:lautisme,
	Abstract = {Cet ouvrage propose une description unique du TSA
                   (trouble du spectre de l'autisme) en soulignant qu'un
                   cerveau autiste est diff{\'e}rent d'un cerveau
                   neurotypique, qu'il est connect{\'e} autrement et qu'il
                   ne traite pas les informations de la m{\^e}me
                   mani{\`e}re. Sous forme de questions et r{\'e}ponses,
                   l'explication d'une cinquantaine de notions en lien
                   avec le d{\'e}veloppement de l'autiste. Des conseils
                   s'appuyant sur une compr{\'e}hension nouvelle du TSA,
                   qui trouve de plus en plus {\'e}cho chez les
                   professionnels. Des anecdotes tir{\'e}es de la vie de
                   Brigitte Harrisson, autiste, et de celle de
                   l'{\'e}crivaine Kim Th{\'u}y, m{\`e}re d'un fils
                   autiste},
	Address = {Montr{\'e}al},
	Author = {Brigitte Harrisson and Lise St-Charles},
	Keywords = {Autisme},
	Publisher = {{\'E}ditions du Tr{\'e}carr{\'e}},
	Title = {L'autisme expliqu{\'e} aux non-autistes},
	Year = 2017}

@book{haugmard:abc,
	Address = {Paris},
	Author = {Isabelle Haugmard},
	Editor = {Grancher},
	Timestamp = {22-04-2017},
	Title = {ABC de la th{\'e}rapie par les sons},
	Year = 2010}

@online{le_service_metronews,
	Abstract = {\#{SANT{\'E}}: {D{\'E}PISTAGE} Des ing{\'e}nieurs ont
                   d{\'e}tect{\'e} des marqueurs de la d{\'e}pression dans
                   l'empreinte vocale des malades. Ils pr{\'e}voient de
                   cr{\'e}er une application pour smartphone qui poserait
                   le diagnostic de ce trouble mental.},
	Author = {Le service Metronews},
	File = {Snapshot:/home/golivier/Zotero/storage/REK6X7JU/et-si-on-diagnostiquait-la-depression-avec-un-test-vocal-sur-smartphone-1562728.html:text/html},
	Langid = {french},
	Title = {Et si on diagnostiquait la d{\'e}pression avec un test vocal sur smartphone ?},
	Titleaddon = {{LCI}},
	Url = {https://www.lci.fr/sante/et-si-on-diagnostiquait-la-depression-avec-un-test-vocal-sur-smartphone-1562728.html},
	Urldate = {2018-06-30},
	Bdsk-Url-1 = {https://www.lci.fr/sante/et-si-on-diagnostiquait-la-depression-avec-un-test-vocal-sur-smartphone-1562728.html}}

@book{lecourt:decouvrir,
	Abstract = {Utilis{\'e}e depuis l'Antiquit{\'e} pour ses vertus
                   apaisantes ou curatives, la musique constitue
                   aujourd'hui pour les psychoth{\'e}rapeutes un support
                   privil{\'e}gi{\'e} et efficace. Ce livre vous invite
                   {\`a} vous familiariser avec la musicoth{\'e}rapie, de
                   ses fondements historiques et th{\'e}oriques {\`a} ses
                   diff{\'e}rentes applications. Tests, exemples et
                   exercices {\`a} l'appui, vous pourrez ainsi comprendre
                   et exp{\'e}rimenter ses bienfaits. Complet,
                   document{\'e} et pratique, ce guide de
                   r{\'e}f{\'e}rence est une parfaite introduction {\`a}
                   la musicoth{\'e}rapie.},
	Address = {Paris},
	Author = {Edith Lecourt},
	Publisher = {Editions d'Organisation},
	Title = {D{\'e}couvrir la musicoth{\'e}rapie},
	Year = 2005}

@online{lemonde.fr:stradivarius,
	Author = {Nathaniel Herzberg},
	Month = 4,
	Title = {Le stradivarius d{\'e}tr{\^o}n{\'e} par les violons modernes {@ONLINE}},
	Url = {https://www.lemonde.fr/culture/article/2014/04/10/le-stradivarius-detrone-par-les-violons-modernes_4398681_3246.html},
	Year = 2014,
	Bdsk-Url-1 = {https://www.lemonde.fr/culture/article/2014/04/10/le-stradivarius-detrone-par-les-violons-modernes_4398681_3246.html}}

@book{marieb:biologie,
	Address = {Paris},
	Author = {Elaine N. Marieb},
	Edition = {8e {\'e}d},
	Keywords = {Anatomie humaine, Physiologie humaine},
	Publisher = {Pearson education},
	Shorttitle = {Biologie humaine},
	Title = {Biologie humaine : principes d'anatomie et de physiologie},
	Year = 2008}

@book{nevjinsky:adolescence,
	Address = {Mont-Saint-Aignan},
	Author = {Fern Nevjinsky},
	Publisher = {Presses universitaires de Rouen et du Havre},
	Timestamp = {22-04-2017},
	Title = {Adolescence, musique, Rorschach},
	Year = 1996}

@inbook{richelle:musique,
	Author = {Pr{\'e}nomInconnu? Richelle},
	Booktitle = {Le cerveau m{\'e}lomane},
	Publisher = {Belin},
	Timestamp = {22-04-2017},
	Title = {La musique comme outil de stimulation cognitive}}

@book{roland-manuel_histoire_1981,
	Edition = {Nouvelle {\'e}d},
	Editora = {Roland-Manuel},
	Editoratype = {collaborator},
	Keywords = {Musique},
	Location = {Paris},
	Publisher = {Gallimard},
	Title = {Histoire de la musique},
	Year = 1981}

@book{roque:lecoute,
	Address = {Gen{\`e}ve-Bernex Saint-Julien-en-Genevois},
	Author = {Patrick Dumas de la Roque},
	Publisher = {Jouvence},
	Timestamp = {22-04-2017},
	Title = {L'{\'e}coute, c'est la vie : introduction {\`a} la m{\'e}thode {T}omatis},
	Year = 2007}

@inproceedings{sandre:environnement,
	Author = {Dominique Sandre},
	Eventdate = {2012-04-06},
	Eventtitle = {Titre du congr{\`e}s?},
	Location = {Dijon},
	Timestamp = {22-04-2017},
	Title = {Environnement sensoriel du b{\'e}b{\'e} dans un contexte hospitalier},
	Year = 2012}

@book{schaeffner.ea:histoire,
	Address = {Paris},
	Author = {Andr{\'e} Schaeffner and others},
	Collaborator = {Marcabru},
	Editor = {Roland-Manuel},
	Keywords = {Airs de cour, Bach, Johann Sebastian ( 1685-1750 ), Bach, Johann Sebastian ( 1685-1750 ), [Musique pour orgue], Ballet de cour, Cantate. Italie, Carissimi, Giacomo ( 1605-1674 ), Chanson. France. 15e-16e si{\`e}cle, Chansons, Chansons polyphoniques fran{\c c}aises, Chant gallican, Chant gr{\'e}gorien jusqu'au 9e si{\`e}cle, Chant vieux, Chants gr{\'e}goriens, Chorals. Allemagne. 16e si{\`e}cle, Clavecin (musique). France. 17e-18e si{\`e}cle, Couperin, Fran{\c c}ois ( 1668-1733 ), Danse jusqu'au 15e si{\`e}cle, Eur (Chine), Ex, Ex-Eur (Japon), Ex. Eur (Inde), Folklore, Folklore arabe, Folklore. Afrique noire, Frottole (musique), H{\"a}ndel, Georg Friedrich ( 1685-1759 ), Histoire. 14e-15e si{\`e}cle, Instrument de musique, Italie. Histoire. 13e-15e si{\`e}cle, Josquin Des Pr{\'e}s ( 145.-1521 ), Liturgie protestante. Allemagne. 16e si{\`e}cle, Liturgie protestante. France. 16e si{\`e}cle, Lully, Jean-Baptiste ( 1632-1687 ), Luth (musique). 16e si{\`e}cle, Luth (musique). France. 17e si{\`e}cle, Madrigaux (musique) italiens, Magie, Messe. 16e si{\`e}cle, Messe. Italie. 16e si{\`e}cle, Monteverdi, Claudio ( 1567-1643 ), Motets, Mus. Instr. Allemagne . 1600-1750, Mus. instr. Angleterre. 1600-1750, Mus. Instr. France. 17e si{\`e}cle, Musique, Musique Chine, Musique M{\'e}sopotamie, Musique arabe, Musique byzantine, Musique instrum. 17e-18e si{\`e}cle, Musique instrumentale jusqu'au 15e si{\`e}cle, Musique instrumentale. 16e si{\`e}cle, Musique juive, Musique primitive, Musique relig. France. 1600-1750, Musique religieuse. 15e si{\`e}cle, Musique religieuse. Allemagne. 1600-1750, Musique traditionnelle. Turquie, Musique. Histoire. 15e-16e si{\`e}cle, Mythe, Naples. Histoire jusqu'{\`a} 1750, Notation mensuraliste, Notation musicale, Ockeghem, Johannes ( 14..-1497 ), Op{\'e}ra. Allemagne. 1600-1750, Op{\'e}ra. Angleterre. 1600-1750, Op{\'e}ra. France. 1687-1733, Op{\'e}ra. Italie. 17e si{\`e}cle, Op{\'e}ra. Naples jusqu'{\`a} 1750, Oratorio. 17e si{\`e}cle, Oratorio. Italie jusqu'au 17e si{\`e}cle, Orgue (musique). 16e si{\`e}cle, Orgue (musique). France. 16e-18e si{\`e}cle, Palestrina, Giovanni Pierluigi da ( 1525?-1594 ), Pays-Bas. Histoire. 17e-18e si{\`e}cle, Perse. Histoire, Primitif. Instrument de musique, Psaume protestant. France. 16e si{\`e}cle, Purcell, Henry ( 1659-1695 ), Rameau, Jean-Philippe ( 1683-1764 ), Romain, Rome. Histoire. Antiquit{\'e}, Sch{\"u}tz, Heinrich ( 1585-1672 ), Symbole, Tablature, Th{\'e}{\^a}tre. Italie. 16e si{\`e}cle, Turquie. Histoire},
	Number = {9},
	Publisher = {Gallimard},
	Series = {Encyclop{\'e}die de la {Pl{\'e}iade}},
	Shorttitle = {Histoire de la musique , {I}},
	Title = {Histoire de la musique , {I} : {Des} origines {\`a} {Jean}-{S{\'e}bastien} {Bach}},
	Year = 1960}

@book{seron.baron.ea:neuropsychologie,
	Abstract = {Ce volumineux ouvrage est un v{\'e}ritable Trait{\'e} qui pr{\'e}sente de mani{\`e}re critique et didactique les grands domaines de la recherche en neuropsychologie, domaines situ{\'e}s au carrefour des neurosciences et des sciences cognitives. Ainsi, d'un c{\^o}t{\'e}, la Neuropsychologie Humaine introduit aux recherches actuelles sur les bases neurochimiques et neurophysiologiques des comportements et des processus mentaux, d{\'e}crit l'ontogen{\`e}se des fonctions c{\'e}r{\'e}brales et les m{\'e}canismes de la s{\'e}nescence. L'ouvrage traite aussi des grands syndromes cliniques (aphasie, d{\'e}mence d'Alzheimer, etc.) et de l'apport des nouvelles techniques de l'imagerie m{\'e}dicale. Il retrace enfin les grandes {\'e}tapes de l'histoire des localisations c{\'e}r{\'e}brales et de la sp{\'e}cialisation des h{\'e}misph{\`e}res c{\'e}r{\'e}braux. D'un autre c{\^o}t{\'e}, l'ouvrage prend appui sur les cadres th{\'e}oriques de la psychologie cognitive, pour examiner en profondeur les troubles du langage, du calcul, de la m{\'e}moire, de l'attention, des m{\'e}canismes perceptifs, des gestes et des processus de contr{\^o}le de l'action. Il documente en d{\'e}tail les apports du courant cognitif {\`a} la compr{\'e}hension des troubles. L'ouvrage indique enfin quels sont les grands axes de la recherche contemporaine dans le domaine de la r{\'e}habilitation fonctionnelle. Edit{\'e} sous la direction de Xavier Seron (Louvain) et de Marc Jeannerod (Lyon), ce livre a {\'e}t{\'e} {\'e}crit par une quarantaine de chercheurs et enseignants francophones, sp{\'e}cialistes issus de diff{\'e}rentes disciplines (neurochimie, neuroanatomie, neurologie, neurophysiologie, psychologie, logop{\'e}die, linguistique...), la plupart pratiquant la neuropsychologie dans ses dimensions cliniques ou exp{\'e}rimentales. Destin{\'e} aux {\'e}tudiants de psychologie, de neurologie, de neurophysiologie, de logop{\'e}die et de m{\'e}decine physique, cet ouvrage devrait aussi int{\'e}resser l'ensemble des chercheurs relevant des sciences cognitives (linguistique, intelligence artificielle, psychologie cognitive,...) et des neurosciences (neurochimie, neurophysiologie, neuroradiologie,...). Les dimensions cliniques de l'ouvrage font qu'il s'adresse {\'e}galement aux cliniciens de ces disciplines, qu'ils soient concern{\'e}s par le diagnostic ou la r{\'e}habilitation fonctionnelle dans ses dimensions cognitives, motrices et linguistiques. Richement illustr{\'e}, ce Trait{\'e} constitue en outre un texte de r{\'e}f{\'e}rence pour l'enseignement de la neuropsychologie dans le premier et le deuxi{\`e}me cycle de l'enseignement sup{\'e}rieur.},
	Author = {Xavier Seron and Jean-Claude Baron and Marc Jeannerod},
	Location = {Sprimont, Belgique},
	Publisher = {Editions Mardaga},
	Title = {Neuropsychologie humaine},
	Year = 1998}

@online{site_musitherapy,
	Author = {Association Professionnelle Suisse Musicoth{\'e}rapie de ASMT},
	File = {Qu'est-ce que la musicoth{\'e}rapie ? SFMT / ASMT:/home/golivier/Zotero/storage/VADRWTBN/quest-ce-que-la-musicotherapie.html:text/html},
	Title = {Qu'est-ce que la musicoth{\'e}rapie ? {SFMT} / {ASMT}},
	Url = {http://www.musictherapy.ch/fr/musicotherapie/quest-ce-que-la-musicotherapie/},
	Urldate = {2018-06-20},
	Bdsk-Url-1 = {http://www.musictherapy.ch/fr/musicotherapie/quest-ce-que-la-musicotherapie/}}

@online{tomatis.com,
	Author = {Tomatis.com},
	Title = {Tomatis Method, auditory stimulation program for improving brain functions},
	Url = {https://www.tomatis.com/en},
	Urldate = {2018-06-29},
	Bdsk-Url-1 = {https://www.tomatis.com/en}}

@book{tomatis:education,
	Address = {Paris},
	Author = {Alfred Tomatis},
	Publisher = {Les Editions E.S.F.},
	Title = {Education et {Dyslexie}.},
	Year = 1972}

@book{tomatis:loreille,
	Address = {Paris},
	Author = {Alfred Tomatis},
	Publisher = {Robert Laffont},
	Timestamp = {22-04-2017},
	Title = {L'oreille et la voix},
	Year = 1987}

@book{tomatis_communication_1988,
	Author = {Alfred Tomatis},
	Edition = {5e {\'e}d},
	Keywords = {Complexe d'Oedipe, {\'E}coute (psychologie), Embryologie du comportement, Influences pr{\'e}natales, Langage, M{\`e}res et enfants},
	Location = {Paris},
	Publisher = {Les Editions E.S.F.},
	Series = {Science de l'{\'e}ducation},
	Shorttitle = {De la communication intra-ut{\'e}rine au langage humain},
	Title = {De la communication intra-ut{\'e}rine au langage humain : la lib{\'e}ration d'{\OE}dipe},
	Year = 1988}

@book{tomatis_correction_1953,
	Author = {Alfred Tomatis},
	Keywords = {Phoniatrie},
	Location = {Paris},
	Publisher = {Facult{\'e} de m{\'e}decine},
	Shorttitle = {La Correction de la voix chant{\'e}e},
	Title = {La Correction de la voix chant{\'e}e : Facult{\'e} de m{\'e}decine de Paris... cours international de phonologie et de phoniatrie... 6 mars 1953},
	Year = 1953}

@book{tomatis_ecouter_1996,
	Author = {Alfred Tomatis},
	Keywords = {Son},
	Location = {Paris},
	Publisher = {R. Laffont},
	Series = {R{\'e}ponses},
	Shorttitle = {{\'E}couter l'univers},
	Title = {{\'E}couter l'univers : du Big bang {\`a} Mozart {\`a} la d{\'e}couverte de l'univers o{\`u} tout est son},
	Year = 1996}

@book{tomatis_les_1991,
	Author = {Alfred Tomatis},
	Editora = {Lo\"{\i}c Sellin},
	Editoratype = {collaborator},
	Keywords = {Audiophonologie, Dyslexie, {\'E}chec scolaire},
	Location = {Paris},
	Publisher = {{\'E}d. de la Seine},
	Series = {Succ{\`e}s du livre},
	Title = {Les troubles scolaires},
	Year = 1991}

@mvbook{tomatis_liberation_1972,
	Author = {Alfred Tomatis},
	Location = {Paris},
	Publisher = {Les Editions E.S.F.},
	Series = {Collection Science de l'{\'e}ducation},
	Title = {La Lib{\'e}ration d'{\OE}dipe ou De la communication intra-ut{\'e}rine au langage humain},
	Volumes = {1},
	Year = 1972}

@online{tomatis_methode_1991,
	Author = {Pierre Lane},
	Title = {M{\'e}thode Tomatis - {\'E}mission Envoy{\'e} sp{\'e}cial},
	Url = {https://www.youtube.com/watch?v=M5bBizPffwM},
	Urldate = {2018-06-28},
	Year = 1991,
	Bdsk-Url-1 = {https://www.youtube.com/watch?v=M5bBizPffwM}}

@book{tomatis_neuf_1989,
	Author = {Alfred Tomatis and Lo\"{\i}c Sellin},
	Keywords = {Audiophonologie, Embryologie du comportement, Influences pr{\'e}natales},
	Location = {Paris},
	Publisher = {Ergo press},
	Title = {Neuf mois au paradis},
	Year = 1989}

@book{tomatis_nous_1991,
	Author = {Alfred Tomatis},
	Editora = {Lo\"{\i}c Sellin},
	Editoratype = {collaborator},
	Keywords = {Audiophonologie, {\'E}coute (psychologie), Langues},
	Location = {Paris},
	Publisher = {Fixot},
	Shorttitle = {Nous sommes tous n{\'e}s polyglottes},
	Title = {Nous sommes tous n{\'e}s polyglottes : essai},
	Year = 1991}

@book{tomatis_oreille_1953,
	Author = {Alfred Tomatis},
	Journaltitle = {Journal fran{\c c}ais d'otorhino-laryngologie},
	Keywords = {Oreille, Surdit{\'e}},
	Location = {S.l.},
	Number = {2},
	Publisher = {s.n.},
	Title = {L'Oreille musicale},
	Year = 1953}

@book{tomatis_oreille_1991,
	Author = {Alfred Tomatis},
	Keywords = {Audiophonologie, {\'E}coute (psychologie), Psycholinguistique},
	Location = {Paris},
	Publisher = {Ed. du Seuil},
	Title = {L'Oreille et le langage},
	Year = 1991}

@book{tomatis_oreille_1998,
	Author = {Alfred Tomatis},
	Keywords = {Audiophonologie, {\'E}coute (psychologie)},
	Location = {Paris},
	Publisher = {le Grand livre du mois},
	Title = {L'oreille et la vie},
	Year = 1998}

@book{tomatis_pourquoi_1993,
	Author = {Alfred Tomatis},
	Editor = {Librairie g{\'e}n{\'e}rale fran{\c c}aise},
	Keywords = {Audiophonologie, Mozart, Wolfgang Amadeus ( 1756-1791 )},
	Location = {Paris},
	Number = {8124},
	Publisher = {Librairie g{\'e}n{\'e}rale fran{\c c}aise},
	Series = {Le livre de poche},
	Shorttitle = {Pourquoi Mozart ?},
	Title = {Pourquoi Mozart ? : essai},
	Year = 1993}

@book{tomatis_quest-ce_1986,
	Author = {Alfred Tomatis},
	Edition = {3e {\'e}d},
	Keywords = {{\'E}coute (psychologie), Oreille},
	Location = {Paris},
	Publisher = {{ESF}},
	Series = {Vers l'{\'e}coute humaine , 1; Collection Science de l'{\'e}ducation},
	Shorttitle = {Qu'est-ce que l'{\'e}coute humaine ?},
	Title = {Qu'est-ce que l'{\'e}coute humaine ?},
	Year = 1986}

@book{tomatis_resonance_1963,
	Author = {Alfred Tomatis},
	Keywords = {Physiologie, R{\'e}sonance},
	Location = {S.l.},
	Publisher = {s.n.},
	Title = {La R{\'e}sonance dans les {\'e}chelles musicales. Le point de vue des physiologistes},
	Year = 1963}

@book{tomatis_surdite_1975,
	Author = {Alfred Tomatis},
	Location = {Paris},
	Pagetotal = {31},
	Publisher = {{SODITAP}},
	Title = {La Surdit{\'e}},
	Year = 1975}

@book{tomatis_vers_1986,
	Author = {Alfred Tomatis},
	Edition = {3e {\'e}d},
	Keywords = {{\'E}coute (psychologie), Oreille},
	Location = {Paris},
	Publisher = {Les Editions E.S.F.},
	Series = {Collection Science de l'{\'e}ducation},
	Title = {Vers l'{\'e}coute humaine},
	Year = 1986}

@book{tomatis_vertiges_1989,
	Author = {Alfred Tomatis},
	Keywords = {Audiophonologie, M{\'e}ni{\`e}re, Maladie de},
	Location = {Neuilly-sur-Seine},
	Publisher = {Ergo press},
	Title = {Vertiges},
	Year = 1989}

@book{verdeau-pailles:bilan,
	Author = {Jacqueline Verdeau-Paill{\`e}s},
	Edition = {2e {\'e}d. revue et corrig{\'e}e},
	Location = {Courlay},
	Publisher = {J.M. Fuzeau},
	Title = {Le {Bilan} psycho-musical et la personnalit{\'e}},
	Year = 1983}

@book{verlinde:lexperience,
	Author = {Joseph-Marie Verlinde},
	Location = {Versailles},
	Publisher = {{\'E}d. Saint-Paul},
	Timestamp = {22-04-2017},
	Title = {L'exp{\'e}rience interdite : de l'ashram au monast{\`e}re},
	Year = 1998}

@book{viret:b,
	Address = {Grez-sur-Loing},
	Author = {Jacques Viret},
	Edition = {Pard{\`e}s},
	Editor = {Pard{\`e}s},
	Location = {Grez-sur-Loing},
	Timestamp = {22-04-2017},
	Title = {B.A.-BA de la musicoth{\'e}rapie},
	Year = 2007}

@book{viret:musicotherapie,
	Author = {Jacques Viret},
	Keywords = {Musicoth{\'e}rapie},
	Location = {Grez-sur-Loing},
	Publisher = {Pard{\`e}s},
	Title = {Musicoth{\'e}rapie},
	Year = 2007}

@book{vrait_musicotherapie_2018,
	Author = {Fran{\c c}ois-Xavier Vrait},
	Location = {Paris},
	Publisher = {Presses Universitaires de France - {PUF}},
	Title = {La musicoth{\'e}rapie},
	Year = 2018}

@book{anzieu:groupal,
	Author = {Didier Anzieu},
	Location = {Paris},
	Publisher = {Dunod},
	Title = {Le groupe et l'inconscient : l'imaginaire groupal},
	Year = {1999}}

@inreference{noauthor_decibel_2018,
	Booktitle = {Wikip{\'e}dia},
	Date = {2018-03-15},
	File = {Snapshot:/home/golivier/Zotero/storage/HUX4FULT/index.html:text/html},
	Langid = {french},
	Note = {Page Version {ID}: 146471984},
	Rights = {Creative Commons Attribution-{ShareAlike} License},
	Title = {D{\'e}cibel},
	Url = {https://fr.wikipedia.org/w/index.php?title=D%C3%A9cibel&oldid=146471984},
	Urldate = {2018-07-04},
	Bdsk-Url-1 = {https://fr.wikipedia.org/w/index.php?title=D%C3%A9cibel&oldid=146471984}}

@article{platel_neuropsychology_2002,
	Author = {Herv{\'e} Platel},
	Date = {2002-02-01},
	Doi = {10.1093/brain/awf078},
	Issn = {1460-2156, 0006-8950},
	Journaltitle = {Brain},
	Langid = {english},
	Number = {2},
	Pages = {223--224},
	Shorttitle = {Neuropsychology of musical perception},
	Title = {Neuropsychology of musical perception: new perspectives},
	Url = {https://academic.oup.com/brain/article-lookup/doi/10.1093/brain/awf078},
	Urldate = {2018-07-04},
	Volume = {125},
	Bdsk-Url-1 = {https://academic.oup.com/brain/article-lookup/doi/10.1093/brain/awf078},
	Bdsk-Url-2 = {https://doi.org/10.1093/brain/awf078}}
