
@online{noauthor_methode_nodate,
	title = {La méthode Tomatis - Alfred Tomatis - Payot},
	url = {https://www.payot.ch/Detail/la_methode_tomatis-alfred_tomatis-9782364064676},
	urldate = {2019-01-26},
	file = {La méthode Tomatis - Alfred Tomatis - Payot:/Users/valeriegaillard/Zotero/storage/NSZ6GKIY/la_methode_tomatis-alfred_tomatis-9782364064676.html:text/html}
}

@online{noauthor_peau_nodate,
	title = {La peau, métaphore d'une rencontre entre art et clinique - Martine Colignon - Payot},
	url = {https://www.payot.ch/Detail/la_peau_metaphore_dune_rencontre_entre_art_et_clinique-martine_colignon-9782749260891?cId=0},
	urldate = {2019-01-26},
	file = {La peau, métaphore d'une rencontre entre art et clinique - Martine Colignon - Payot:/Users/valeriegaillard/Zotero/storage/KIKNYK4B/la_peau_metaphore_dune_rencontre_entre_art_et_clinique-martine_colignon-9782749260891.html:text/html}
}
